<?xml version="1.0" encoding="UTF-8"?>
<!DOCTYPE html PUBLIC "-//W3C//DTD XHTML 1.0 Transitional//EN"
    "http://www.w3.org/TR/xhtml1/DTD/xhtml1-transitional.dtd">
<html xmlns="http://www.w3.org/1999/xhtml" xml:lang="en" lang="en">
 <head>
  <title>
</title>
<meta http-equiv="Content-Type" content="text/html;charset=utf-8" />
  <meta name='ocr-system' content='tesseract 3.04.00' />
  <meta name='ocr-capabilities' content='ocr_page ocr_carea ocr_par ocr_line ocrx_word'/>
</head>
<body>
  <div class='ocr_page' id='page_1' title='image "./dearistotelisli00berggoog_0015.png"; bbox 0 0 4125 5309; ppageno 0'>
   <div class='ocr_carea' id='block_1_1' title="bbox 2188 587 2297 678">
    <p class='ocr_par' dir='ltr' id='par_1_1' title="bbox 2188 587 2297 678">
     <span class='ocr_line' id='line_1_1' title="bbox 2188 587 2297 678; baseline -0.009 0"><span class='ocrx_word' id='word_1_1' title='bbox 2188 587 2297 678; x_wconf 80' lang='lat'><strong>12</strong></span> 
     </span>
    </p>
   </div>
   <div class='ocr_carea' id='block_1_2' title="bbox 2059 700 2407 732">
    <p class='ocr_par' dir='ltr' id='par_1_2' title="bbox 2059 700 2407 732">
     <span class='ocr_line' id='line_1_2' title="bbox 2059 700 2407 732; baseline 0 4577"><span class='ocrx_word' id='word_1_2' title='bbox 2059 700 2407 732; x_wconf 95' lang='lat' dir='ltr'><strong> </strong></span> 
     </span>
    </p>
   </div>
   <div class='ocr_carea' id='block_1_3' title="bbox 749 818 3769 4400">
    <p class='ocr_par' dir='ltr' id='par_1_3' title="bbox 774 818 3731 1380">
     <span class='ocr_line' id='line_1_3' title="bbox 839 818 3706 925; baseline 0.003 -32"><span class='ocrx_word' id='word_1_3' title='bbox 839 855 850 862; x_wconf 93' lang='lat'><strong>·</strong></span> <span class='ocrx_word' id='word_1_4' title='bbox 977 822 1063 894; x_wconf 88' lang='lat' dir='ltr'><strong>P.</strong></span> <span class='ocrx_word' id='word_1_5' title='bbox 1101 823 1273 895; x_wconf 74' lang='lat'><strong>974.</strong></span> <span class='ocrx_word' id='word_1_6' title='bbox 1314 818 1407 896; x_wconf 91' lang='lat' dir='ltr'><strong>A.</strong></span> <span class='ocrx_word' id='word_1_7' title='bbox 1442 825 1576 894; x_wconf 72' lang='lat'><strong>112</strong></span> <span class='ocrx_word' id='word_1_8' title='bbox 1637 821 1817 898; x_wconf 73' lang='grc' dir='ltr'><strong>Πᾶν</strong></span> <span class='ocrx_word' id='word_1_9' title='bbox 1852 822 1939 900; x_wconf 75' lang='grc' dir='ltr'><strong>δὲ</strong></span> <span class='ocrx_word' id='word_1_10' title='bbox 1977 821 2111 899; x_wconf 80' lang='grc' dir='ltr'><strong>καὶ</strong></span> <span class='ocrx_word' id='word_1_11' title='bbox 2144 821 2470 924; x_wconf 74' lang='grc' dir='ltr'><strong><em>ἄπειρον</em></strong></span> <span class='ocrx_word' id='word_1_12' title='bbox 2503 818 2599 899; x_wconf 83' lang='grc' dir='ltr'><strong>ὂν</strong></span> <span class='ocrx_word' id='word_1_13' title='bbox 2629 818 2861 902; x_wconf 82' lang='grc' dir='ltr'><strong><em>εἶναι·</em></strong></span> <span class='ocrx_word' id='word_1_14' title='bbox 2916 826 2982 902; x_wconf 87' lang='grc' dir='ltr'><strong>εἰ</strong></span> <span class='ocrx_word' id='word_1_15' title='bbox 3009 820 3161 925; x_wconf 75' lang='grc' dir='ltr'><strong>γὰρ</strong></span> <span class='ocrx_word' id='word_1_16' title='bbox 3194 823 3446 902; x_wconf 81' lang='grc' dir='ltr'><strong><em>πλέον</em></strong></span> <span class='ocrx_word' id='word_1_17' title='bbox 3472 819 3530 925; x_wconf 79' lang='grc' dir='ltr'><em>ἦ</em></span> <span class='ocrx_word' id='word_1_18' title='bbox 3563 820 3706 903; x_wconf 73' lang='grc' dir='ltr'><strong>δύο</strong></span> 
     </span>
     <span class='ocr_line' id='line_1_4' title="bbox 779 965 3731 1076; baseline 0.002 -29"><span class='ocrx_word' id='word_1_19' title='bbox 779 973 926 1068; x_wconf 68' lang='grc' dir='ltr'><strong><em>εἴη,</em></strong></span> <span class='ocrx_word' id='word_1_20' title='bbox 980 967 1247 1072; x_wconf 74' lang='grc' dir='ltr'><strong><em>πέρατ’</em></strong></span> <span class='ocrx_word' id='word_1_21' title='bbox 1292 966 1395 1047; x_wconf 78' lang='grc' dir='ltr'><strong>ἂν</strong></span> <span class='ocrx_word' id='word_1_22' title='bbox 1436 965 1633 1049; x_wconf 81' lang='grc' dir='ltr'><strong><em>εἶναι</em></strong></span> <span class='ocrx_word' id='word_1_23' title='bbox 1677 972 1927 1048; x_wconf 78' lang='grc' dir='ltr'><strong><em>ταῦτα</em></strong></span> <span class='ocrx_word' id='word_1_24' title='bbox 1972 972 2175 1075; x_wconf 82' lang='grc' dir='ltr'><strong><em>πρὸς</em></strong></span> <span class='ocrx_word' id='word_1_25' title='bbox 2209 974 2516 1076; x_wconf 67' lang='grc' dir='ltr'><strong><em>ἄλληλα</em></strong></span> <span class='ocrx_word' id='word_1_26' title='bbox 2536 1000 2554 1018; x_wconf 87' lang='grc'>·</span> <span class='ocrx_word' id='word_1_27' title='bbox 2621 982 2709 1057; x_wconf 76' lang='grc' dir='ltr'><strong>ἓν</strong></span> <span class='ocrx_word' id='word_1_28' title='bbox 2746 978 2831 1055; x_wconf 79' lang='grc' dir='ltr'><strong>δὲ</strong></span> <span class='ocrx_word' id='word_1_29' title='bbox 2852 975 3140 1075; x_wconf 76' lang='grc' dir='ltr'><strong><em>ὅμοιον</em></strong></span> <span class='ocrx_word' id='word_1_30' title='bbox 3166 968 3383 1052; x_wconf 79' lang='grc' dir='ltr'><strong><em>ἐἶναι</em></strong></span> <span class='ocrx_word' id='word_1_31' title='bbox 3421 974 3731 1076; x_wconf 79' lang='grc' dir='ltr'><strong><em>πάντῃ·’</em></strong></span> 
     </span>
     <span class='ocr_line' id='line_1_5' title="bbox 776 1115 3708 1226; baseline 0.003 -28"><span class='ocrx_word' id='word_1_32' title='bbox 776 1125 841 1199; x_wconf 84' lang='grc' dir='ltr'><strong>εἰ</strong></span> <span class='ocrx_word' id='word_1_33' title='bbox 870 1119 1020 1222; x_wconf 74' lang='grc' dir='ltr'><strong>γὰρ</strong></span> <span class='ocrx_word' id='word_1_34' title='bbox 1059 1115 1385 1226; x_wconf 76' lang='grc' dir='ltr'><strong><em>ἀνόμοια</em></strong></span> <span class='ocrx_word' id='word_1_35' title='bbox 1420 1123 1667 1199; x_wconf 89' lang='grc' dir='ltr'><strong><em>πλείω</em></strong></span> <span class='ocrx_word' id='word_1_36' title='bbox 1705 1121 1897 1199; x_wconf 72' lang='grc' dir='ltr'><strong><em>ὄντα</em></strong></span> <span class='ocrx_word' id='word_1_37' title='bbox 1941 1121 2088 1203; x_wconf 82' lang='grc' dir='ltr'><strong>οὐκ</strong></span> <span class='ocrx_word' id='word_1_38' title='bbox 2117 1121 2219 1202; x_wconf 78' lang='grc' dir='ltr'><strong>ἂν</strong></span> <span class='ocrx_word' id='word_1_39' title='bbox 2258 1134 2373 1207; x_wconf 76' lang='grc' dir='ltr'><strong>ἔτι</strong></span> <span class='ocrx_word' id='word_1_40' title='bbox 2405 1132 2494 1209; x_wconf 77' lang='grc' dir='ltr'><strong>ἓν</strong></span> <span class='ocrx_word' id='word_1_41' title='bbox 2521 1137 2821 1226; x_wconf 75' lang='grc' dir='ltr'><strong><em>θεῖναι,</em></strong></span> <span class='ocrx_word' id='word_1_42' title='bbox 2875 1128 3079 1207; x_wconf 80' lang='grc' dir='ltr'><strong><em>ἀλλὰ</em></strong></span> <span class='ocrx_word' id='word_1_43' title='bbox 3109 1123 3370 1206; x_wconf 79' lang='grc' dir='ltr'><strong><em>πολλά</em></strong></span> <span class='ocrx_word' id='word_1_44' title='bbox 3388 1153 3405 1172; x_wconf 88' lang='grc'><em>·</em></span> <span class='ocrx_word' id='word_1_45' title='bbox 3457 1124 3708 1209; x_wconf 68' lang='grc' dir='ltr'><strong><em>ἀίδιον</em></strong></span> 
     </span>
     <span class='ocr_line' id='line_1_6' title="bbox 774 1269 3280 1380; baseline 0.003 -32"><span class='ocrx_word' id='word_1_46' title='bbox 774 1271 859 1349; x_wconf 79' lang='grc' dir='ltr'><strong>δὲ</strong></span> <span class='ocrx_word' id='word_1_47' title='bbox 911 1269 1006 1349; x_wconf 82' lang='grc' dir='ltr'><strong>ὃν</strong></span> <span class='ocrx_word' id='word_1_48' title='bbox 1050 1273 1365 1374; x_wconf 81' lang='grc' dir='ltr'><strong><em>μέτριον</em></strong></span> <span class='ocrx_word' id='word_1_49' title='bbox 1411 1297 1498 1349; x_wconf 79' lang='grc' dir='ltr'><strong>τε</strong></span> <span class='ocrx_word' id='word_1_50' title='bbox 1544 1273 1676 1350; x_wconf 81' lang='grc' dir='ltr'><strong>καὶ</strong></span> <span class='ocrx_word' id='word_1_51' title='bbox 1725 1270 1994 1371; x_wconf 83' lang='grc' dir='ltr'><strong><em>ὅμοιον</em></strong></span> <span class='ocrx_word' id='word_1_52' title='bbox 2047 1272 2309 1380; x_wconf 76' lang='grc' dir='ltr'><strong><em>πάντῃ</em></strong></span> <span class='ocrx_word' id='word_1_53' title='bbox 2364 1276 2736 1379; x_wconf 82' lang='grc' dir='ltr'><strong><em>ἀκίνητον</em></strong></span> <span class='ocrx_word' id='word_1_54' title='bbox 2783 1275 2984 1358; x_wconf 79' lang='grc' dir='ltr'><strong><em>εἶναι</em></strong></span> <span class='ocrx_word' id='word_1_55' title='bbox 3030 1277 3124 1360; x_wconf 82' lang='grc' dir='ltr'><strong>τὸ</strong></span> <span class='ocrx_word' id='word_1_56' title='bbox 3173 1283 3280 1358; x_wconf 71' lang='grc' dir='ltr'><strong>ἓν.</strong></span> 
     </span>
    </p>

    <p class='ocr_par' dir='ltr' id='par_1_4' title="bbox 749 1425 3769 3951">
     <span class='ocr_line' id='line_1_7' title="bbox 954 1425 3706 1530; baseline 0 -28"><span class='ocrx_word' id='word_1_57' title='bbox 954 1426 1335 1526; x_wconf 85' lang='lat' dir='ltr'><strong>Sequitur</strong></span> <span class='ocrx_word' id='word_1_58' title='bbox 1363 1449 1669 1500; x_wconf 86' lang='lat' dir='ltr'><strong>novum</strong></span> <span class='ocrx_word' id='word_1_59' title='bbox 1702 1440 2309 1525; x_wconf 83' lang='lat' dir='ltr'><strong>argumentum,</strong></span> <span class='ocrx_word' id='word_1_60' title='bbox 2355 1454 2545 1505; x_wconf 89' lang='lat' dir='ltr'><strong>cum</strong></span> <span class='ocrx_word' id='word_1_61' title='bbox 2577 1428 2816 1521; x_wconf 90' lang='lat' dir='ltr'><strong>illud,</strong></span> <span class='ocrx_word' id='word_1_62' title='bbox 2857 1428 3078 1530; x_wconf 86' lang='lat' dir='ltr'><strong>quod</strong></span> <span class='ocrx_word' id='word_1_63' title='bbox 3110 1427 3245 1520; x_wconf 88' lang='lat' dir='ltr'><strong>sit,</strong></span> <span class='ocrx_word' id='word_1_64' title='bbox 3287 1425 3706 1504; x_wconf 86' lang='lat' dir='ltr'><strong>infinitum</strong></span> 
     </span>
     <span class='ocr_line' id='line_1_8' title="bbox 772 1567 3769 1679; baseline 0 -25"><span class='ocrx_word' id='word_1_65' title='bbox 772 1577 908 1670; x_wconf 92' lang='lat' dir='ltr'><strong>sit,</strong></span> <span class='ocrx_word' id='word_1_66' title='bbox 959 1600 1168 1653; x_wconf 91' lang='lat' dir='ltr'><strong>essse</strong></span> <span class='ocrx_word' id='word_1_67' title='bbox 1208 1575 1443 1654; x_wconf 91' lang='lat' dir='ltr'><strong>etiam</strong></span> <span class='ocrx_word' id='word_1_68' title='bbox 1484 1599 1790 1650; x_wconf 85' lang='lat' dir='ltr'><strong>unum:</strong></span> <span class='ocrx_word' id='word_1_69' title='bbox 1851 1588 1934 1653; x_wconf 97' lang='lat' dir='ltr'><strong>at</strong></span> <span class='ocrx_word' id='word_1_70' title='bbox 1969 1590 2290 1676; x_wconf 90' lang='lat' dir='ltr'><strong>apparet</strong></span> <span class='ocrx_word' id='word_1_71' title='bbox 2335 1592 2704 1679; x_wconf 87' lang='lat' dir='ltr'><strong>corrupta</strong></span> <span class='ocrx_word' id='word_1_72' title='bbox 2748 1604 2918 1657; x_wconf 90' lang='lat' dir='ltr'><strong>esse</strong></span> <span class='ocrx_word' id='word_1_73' title='bbox 2963 1579 3128 1656; x_wconf 69' lang='grc' dir='ltr'><strong>πᾶν</strong></span> <span class='ocrx_word' id='word_1_74' title='bbox 3179 1579 3265 1656; x_wconf 79' lang='grc' dir='ltr'><strong>δὲ</strong></span> <span class='ocrx_word' id='word_1_75' title='bbox 3316 1577 3451 1656; x_wconf 80' lang='grc' dir='ltr'><strong>καὶ</strong></span> <span class='ocrx_word' id='word_1_76' title='bbox 3490 1576 3705 1656; x_wconf 78' lang='grc' dir='ltr'><strong><em>ἄπει·</em></strong></span> <span class='ocrx_word' id='word_1_77' title='bbox 3764 1567 3769 1574; x_wconf 66' lang='grc'><strong>’</strong></span> 
     </span>
     <span class='ocr_line' id='line_1_9' title="bbox 768 1720 3703 1828; baseline 0 -22"><span class='ocrx_word' id='word_1_78' title='bbox 768 1755 909 1828; x_wconf 85' lang='grc' dir='ltr'><strong>ρον</strong></span> <span class='ocrx_word' id='word_1_79' title='bbox 956 1723 1052 1802; x_wconf 83' lang='grc' dir='ltr'><strong>ὂν</strong></span> <span class='ocrx_word' id='word_1_80' title='bbox 1100 1720 1334 1821; x_wconf 82' lang='grc' dir='ltr'><strong><em>εἶναι,</em></strong></span> <span class='ocrx_word' id='word_1_81' title='bbox 1396 1725 2084 1826; x_wconf 72' lang='lat' dir='ltr'><strong>quemadmodlun</strong></span> <span class='ocrx_word' id='word_1_82' title='bbox 2136 1725 2530 1805; x_wconf 88' lang='lat' dir='ltr'><strong>Bekkerus</strong></span> <span class='ocrx_word' id='word_1_83' title='bbox 2596 1729 2770 1807; x_wconf 87' lang='lat' dir='ltr'><strong>sine</strong></span> <span class='ocrx_word' id='word_1_84' title='bbox 2830 1728 2996 1808; x_wconf 91' lang='lat' dir='ltr'><strong>ulla</strong></span> <span class='ocrx_word' id='word_1_85' title='bbox 3047 1730 3409 1808; x_wconf 86' lang='lat' dir='ltr'><strong>lectionis</strong></span> <span class='ocrx_word' id='word_1_86' title='bbox 3457 1730 3703 1807; x_wconf 84' lang='lat' dir='ltr'><strong>varie·</strong></span> 
     </span>
     <span class='ocr_line' id='line_1_10' title="bbox 766 1876 3702 1985; baseline 0.001 -28"><span class='ocrx_word' id='word_1_87' title='bbox 766 1894 922 1958; x_wconf 89' lang='lat' dir='ltr'><strong>tate</strong></span> <span class='ocrx_word' id='word_1_88' title='bbox 988 1878 1255 1955; x_wconf 85' lang='lat' dir='ltr'><strong>edidit.</strong></span> <span class='ocrx_word' id='word_1_89' title='bbox 1348 1878 1541 1955; x_wconf 91' lang='lat' dir='ltr'><strong>Cod.</strong></span> <span class='ocrx_word' id='word_1_90' title='bbox 1591 1878 1803 1980; x_wconf 90' lang='lat' dir='ltr'><strong>Lips.</strong></span> <span class='ocrx_word' id='word_1_91' title='bbox 1869 1880 2035 1956; x_wconf 80' lang='grc' dir='ltr'><strong>πᾶν</strong></span> <span class='ocrx_word' id='word_1_92' title='bbox 2080 1876 2234 1981; x_wconf 71' lang='grc' dir='ltr'><strong>γὰρ</strong></span> <span class='ocrx_word' id='word_1_93' title='bbox 2285 1879 2646 1983; x_wconf 75' lang='grc' dir='ltr'><strong><em>ἄπειρον,</em></strong></span> <span class='ocrx_word' id='word_1_94' title='bbox 2718 1910 2882 1985; x_wconf 86' lang='lat' dir='ltr'><strong>quo</strong></span> <span class='ocrx_word' id='word_1_95' title='bbox 2942 1883 3150 1961; x_wconf 86' lang='lat' dir='ltr'><strong>nihil</strong></span> <span class='ocrx_word' id='word_1_96' title='bbox 3199 1882 3702 1985; x_wconf 85' lang='lat' dir='ltr'><strong>proficimus,</strong></span> 
     </span>
     <span class='ocr_line' id='line_1_11' title="bbox 766 2028 3698 2136; baseline 0.001 -26"><span class='ocrx_word' id='word_1_97' title='bbox 766 2032 906 2110; x_wconf 88' lang='lat' dir='ltr'><strong>sed</strong></span> <span class='ocrx_word' id='word_1_98' title='bbox 948 2032 1184 2133; x_wconf 86' lang='lat' dir='ltr'><strong>plane</strong></span> <span class='ocrx_word' id='word_1_99' title='bbox 1228 2029 1568 2110; x_wconf 87' lang='lat' dir='ltr'><strong>absurda</strong></span> <span class='ocrx_word' id='word_1_100' title='bbox 1607 2043 1839 2122; x_wconf 82' lang='lat' dir='ltr'><strong>sunt,</strong></span> <span class='ocrx_word' id='word_1_101' title='bbox 1888 2053 2094 2130; x_wconf 86' lang='lat' dir='ltr'><strong>quae</strong></span> <span class='ocrx_word' id='word_1_102' title='bbox 2137 2046 2631 2132; x_wconf 84' lang='lat' dir='ltr'><strong>sequuntur,</strong></span> <span class='ocrx_word' id='word_1_103' title='bbox 2683 2036 2752 2113; x_wconf 85' lang='grc' dir='ltr'><strong>εἰ</strong></span> <span class='ocrx_word' id='word_1_104' title='bbox 2790 2030 2940 2135; x_wconf 75' lang='grc' dir='ltr'><strong>γὰρ</strong></span> <span class='ocrx_word' id='word_1_105' title='bbox 2986 2036 3237 2111; x_wconf 81' lang='grc' dir='ltr'><strong><em>πλέον</em></strong></span> <span class='ocrx_word' id='word_1_106' title='bbox 3275 2028 3333 2135; x_wconf 82' lang='grc' dir='ltr'><strong><em>ἧ</em></strong></span> <span class='ocrx_word' id='word_1_107' title='bbox 3372 2032 3517 2113; x_wconf 76' lang='grc' dir='ltr'><strong>δύο</strong></span> <span class='ocrx_word' id='word_1_108' title='bbox 3561 2039 3698 2136; x_wconf 83' lang='grc' dir='ltr'><strong><em>εἴη,</em></strong></span> 
     </span>
     <span class='ocr_line' id='line_1_12' title="bbox 764 2176 3701 2288; baseline 0 -28"><span class='ocrx_word' id='word_1_109' title='bbox 764 2185 985 2288; x_wconf 85' lang='lat' dir='ltr'><strong>quod</strong></span> <span class='ocrx_word' id='word_1_110' title='bbox 1034 2183 1242 2261; x_wconf 87' lang='lat' dir='ltr'><strong>nihil</strong></span> <span class='ocrx_word' id='word_1_111' title='bbox 1291 2181 1512 2260; x_wconf 88' lang='lat' dir='ltr'><strong>aliud</strong></span> <span class='ocrx_word' id='word_1_112' title='bbox 1564 2176 2009 2280; x_wconf 88' lang='lat' dir='ltr'><strong>significare</strong></span> <span class='ocrx_word' id='word_1_113' title='bbox 2057 2191 2352 2279; x_wconf 88' lang='lat' dir='ltr'><strong>potest,</strong></span> <span class='ocrx_word' id='word_1_114' title='bbox 2404 2204 2650 2281; x_wconf 88' lang='lat' dir='ltr'><strong>quam</strong></span> <span class='ocrx_word' id='word_1_115' title='bbox 2698 2184 2765 2253; x_wconf 75' lang='lat' dir='ltr'><strong>si</strong></span> <span class='ocrx_word' id='word_1_116' title='bbox 2802 2182 2961 2281; x_wconf 75' lang='lat' dir='ltr'><strong>plus</strong></span> <span class='ocrx_word' id='word_1_117' title='bbox 3008 2209 3209 2284; x_wconf 83' lang='lat' dir='ltr'><strong>quam</strong></span> <span class='ocrx_word' id='word_1_118' title='bbox 3254 2185 3393 2258; x_wconf 74' lang='lat' dir='ltr'><strong>aaa</strong></span> <span class='ocrx_word' id='word_1_119' title='bbox 3444 2197 3701 2277; x_wconf 74' lang='lat' dir='ltr'><strong>essent,</strong></span> 
     </span>
     <span class='ocr_line' id='line_1_13' title="bbox 763 2332 3696 2438; baseline -0.002 -21"><span class='ocrx_word' id='word_1_120' title='bbox 763 2362 853 2417; x_wconf 88' lang='lat' dir='ltr'><strong>ac</strong></span> <span class='ocrx_word' id='word_1_121' title='bbox 903 2338 969 2415; x_wconf 93' lang='lat' dir='ltr'><strong>si</strong></span> <span class='ocrx_word' id='word_1_122' title='bbox 1013 2336 1385 2413; x_wconf 84' lang='lat' dir='ltr'><strong>Melissus</strong></span> <span class='ocrx_word' id='word_1_123' title='bbox 1437 2336 1599 2413; x_wconf 89' lang='lat' dir='ltr'><strong>duo</strong></span> <span class='ocrx_word' id='word_1_124' title='bbox 1655 2358 1824 2410; x_wconf 91' lang='lat' dir='ltr'><strong>esse</strong></span> <span class='ocrx_word' id='word_1_125' title='bbox 1867 2332 2557 2410; x_wconf 82' lang='lat' dir='ltr'><strong>demonstraturus</strong></span> <span class='ocrx_word' id='word_1_126' title='bbox 2608 2345 2845 2423; x_wconf 83' lang='lat' dir='ltr'><strong>esset3</strong></span> <span class='ocrx_word' id='word_1_127' title='bbox 2912 2336 3220 2437; x_wconf 84' lang='lat' dir='ltr'><strong>egregie</strong></span> <span class='ocrx_word' id='word_1_128' title='bbox 3274 2335 3447 2414; x_wconf 87' lang='lat' dir='ltr'><strong>cod.</strong></span> <span class='ocrx_word' id='word_1_129' title='bbox 3483 2338 3696 2438; x_wconf 90' lang='lat' dir='ltr'><strong>Lips.</strong></span> 
     </span>
     <span class='ocr_line' id='line_1_14' title="bbox 763 2482 3695 2587; baseline -0 -20"><span class='ocrx_word' id='word_1_130' title='bbox 763 2489 981 2567; x_wconf 77' lang='grc' dir='ltr'><strong><em>πλέω</em></strong></span> <span class='ocrx_word' id='word_1_131' title='bbox 1017 2488 1362 2576; x_wconf 86' lang='lat' dir='ltr'><strong>exhibet,</strong></span> <span class='ocrx_word' id='word_1_132' title='bbox 1412 2487 1634 2587; x_wconf 86' lang='lat' dir='ltr'><strong>quod</strong></span> <span class='ocrx_word' id='word_1_133' title='bbox 1670 2509 1843 2563; x_wconf 87' lang='lat' dir='ltr'><strong>non</strong></span> <span class='ocrx_word' id='word_1_134' title='bbox 1883 2482 2359 2574; x_wconf 83' lang='lat' dir='ltr'><strong>correxerim</strong></span> <span class='ocrx_word' id='word_1_135' title='bbox 2403 2484 2685 2580; x_wconf 97' lang='grc' dir='ltr'><strong><em>πλείω,</em></strong></span> <span class='ocrx_word' id='word_1_136' title='bbox 2740 2486 3212 2586; x_wconf 87' lang='lat' dir='ltr'><strong>epitomator</strong></span> <span class='ocrx_word' id='word_1_137' title='bbox 3245 2488 3464 2566; x_wconf 89' lang='lat' dir='ltr'><strong>enim</strong></span> <span class='ocrx_word' id='word_1_138' title='bbox 3496 2515 3695 2566; x_wconf 89' lang='lat' dir='ltr'><strong>usus</strong></span> 
     </span>
     <span class='ocr_line' id='line_1_15' title="bbox 763 2634 3697 2739; baseline -0.001 -21"><span class='ocrx_word' id='word_1_139' title='bbox 763 2654 881 2719; x_wconf 90' lang='lat' dir='ltr'><strong>est</strong></span> <span class='ocrx_word' id='word_1_140' title='bbox 921 2639 1216 2732; x_wconf 82' lang='lat' dir='ltr'><strong>forma,</strong></span> <span class='ocrx_word' id='word_1_141' title='bbox 1266 2663 1508 2739; x_wconf 86' lang='lat' dir='ltr'><strong>quam</strong></span> <span class='ocrx_word' id='word_1_142' title='bbox 1549 2638 1842 2739; x_wconf 83' lang='lat' dir='ltr'><strong>legerat</strong></span> <span class='ocrx_word' id='word_1_143' title='bbox 1882 2636 1970 2712; x_wconf 88' lang='lat' dir='ltr'><strong>in</strong></span> <span class='ocrx_word' id='word_1_144' title='bbox 2007 2635 2373 2726; x_wconf 79' lang='lat' dir='ltr'><strong>MelisSO‚</strong></span> <span class='ocrx_word' id='word_1_145' title='bbox 2423 2634 2512 2710; x_wconf 88' lang='lat' dir='ltr'><strong>in</strong></span> <span class='ocrx_word' id='word_1_146' title='bbox 2561 2636 2902 2714; x_wconf 88' lang='lat' dir='ltr'><strong>eandem</strong></span> <span class='ocrx_word' id='word_1_147' title='bbox 2946 2638 3164 2714; x_wconf 87' lang='lat' dir='ltr'><strong>enim</strong></span> <span class='ocrx_word' id='word_1_148' title='bbox 3203 2637 3338 2714; x_wconf 89' lang='lat' dir='ltr'><strong>ille</strong></span> <span class='ocrx_word' id='word_1_149' title='bbox 3384 2651 3697 2716; x_wconf 87' lang='lat' dir='ltr'><strong>senten·</strong></span> 
     </span>
     <span class='ocr_line' id='line_1_16' title="bbox 760 2781 3693 2887; baseline -0.001 -19"><span class='ocrx_word' id='word_1_150' title='bbox 760 2793 955 2870; x_wconf 92' lang='lat' dir='ltr'><strong>tiam</strong></span> <span class='ocrx_word' id='word_1_151' title='bbox 1018 2788 1331 2868; x_wconf 84' lang='lat' dir='ltr'><strong>dixerit:</strong></span> <span class='ocrx_word' id='word_1_152' title='bbox 1412 2792 1479 2865; x_wconf 84' lang='grc' dir='ltr'><strong>εἰ</strong></span> <span class='ocrx_word' id='word_1_153' title='bbox 1540 2787 1625 2865; x_wconf 78' lang='grc' dir='ltr'><strong>δὲ</strong></span> <span class='ocrx_word' id='word_1_154' title='bbox 1685 2785 2046 2887; x_wconf 74' lang='grc' dir='ltr'><strong><em>ἄπειρον,</em></strong></span> <span class='ocrx_word' id='word_1_155' title='bbox 2118 2788 2206 2862; x_wconf 77' lang='grc' dir='ltr'><strong>ἓν</strong></span> <span class='ocrx_word' id='word_1_156' title='bbox 2226 2807 2244 2826; x_wconf 88' lang='grc'><em>·</em></span> <span class='ocrx_word' id='word_1_157' title='bbox 2317 2787 2384 2863; x_wconf 81' lang='grc' dir='ltr'><strong>εἰ</strong></span> <span class='ocrx_word' id='word_1_158' title='bbox 2430 2782 2581 2886; x_wconf 75' lang='grc' dir='ltr'><strong>γὰρ</strong></span> <span class='ocrx_word' id='word_1_159' title='bbox 2631 2781 2775 2863; x_wconf 78' lang='grc' dir='ltr'><strong>δύο</strong></span> <span class='ocrx_word' id='word_1_160' title='bbox 2826 2790 2974 2885; x_wconf 81' lang='grc' dir='ltr'><strong><em>εἴη,</em></strong></span> <span class='ocrx_word' id='word_1_161' title='bbox 3029 2781 3176 2863; x_wconf 77' lang='grc' dir='ltr'><strong>οὐκ</strong></span> <span class='ocrx_word' id='word_1_162' title='bbox 3225 2781 3326 2863; x_wconf 80' lang='grc' dir='ltr'><strong>ἂν</strong></span> <span class='ocrx_word' id='word_1_163' title='bbox 3374 2782 3693 2864; x_wconf 78' lang='grc' dir='ltr'><strong><em>δύναιτο</em></strong></span> 
     </span>
     <span class='ocr_line' id='line_1_17' title="bbox 759 2903 3691 3045; baseline -0.002 -22"><span class='ocrx_word' id='word_1_164' title='bbox 759 2943 1039 3045; x_wconf 72' lang='grc' dir='ltr'><strong><em>ἄπειρα</em></strong></span> <span class='ocrx_word' id='word_1_165' title='bbox 1077 2937 1308 3037; x_wconf 82' lang='grc' dir='ltr'><strong><em>εἶναι,</em></strong></span> <span class='ocrx_word' id='word_1_166' title='bbox 1364 2936 1529 3017; x_wconf 81' lang='grc' dir='ltr'><strong><em>ἀλλ’</em></strong></span> <span class='ocrx_word' id='word_1_167' title='bbox 1578 2944 1760 3036; x_wconf 73' lang='grc' dir='ltr'><strong><em>ἔχοι</em></strong></span> <span class='ocrx_word' id='word_1_168' title='bbox 1791 2934 1893 3014; x_wconf 77' lang='grc' dir='ltr'><strong>ἂν</strong></span> <span class='ocrx_word' id='word_1_169' title='bbox 1929 2935 2234 3036; x_wconf 79' lang='grc' dir='ltr'><strong><em>πέρατα</em></strong></span> <span class='ocrx_word' id='word_1_170' title='bbox 2270 2932 2472 3036; x_wconf 80' lang='grc' dir='ltr'><strong><em>πρὸς</em></strong></span> <span class='ocrx_word' id='word_1_171' title='bbox 2516 2903 2821 3035; x_wconf 74' lang='grc' dir='ltr'><strong><em>ἄλληλα</em></strong></span> <span class='ocrx_word' id='word_1_172' title='bbox 2842 2960 2859 2976; x_wconf 93' lang='grc'><em>·</em></span> <span class='ocrx_word' id='word_1_173' title='bbox 2913 2933 3239 3038; x_wconf 73' lang='grc' dir='ltr'><strong><em>ἄπειρον</em></strong></span> <span class='ocrx_word' id='word_1_174' title='bbox 3276 2938 3362 3015; x_wconf 75' lang='grc' dir='ltr'><strong>δὲ</strong></span> <span class='ocrx_word' id='word_1_175' title='bbox 3400 2934 3496 3015; x_wconf 82' lang='grc' dir='ltr'><strong>τὸ</strong></span> <span class='ocrx_word' id='word_1_176' title='bbox 3537 2935 3691 3032; x_wconf 78' lang='grc' dir='ltr'><strong><em>ἐὸν,</em></strong></span> 
     </span>
     <span class='ocr_line' id='line_1_18' title="bbox 758 3084 3693 3196; baseline -0.003 -21"><span class='ocrx_word' id='word_1_177' title='bbox 758 3094 905 3175; x_wconf 76' lang='grc' dir='ltr'><strong>οὐκ</strong></span> <span class='ocrx_word' id='word_1_178' title='bbox 954 3094 1104 3196; x_wconf 77' lang='grc' dir='ltr'><strong>ἄρα</strong></span> <span class='ocrx_word' id='word_1_179' title='bbox 1155 3094 1374 3174; x_wconf 80' lang='grc' dir='ltr'><strong><em>πλέω</em></strong></span> <span class='ocrx_word' id='word_1_180' title='bbox 1422 3088 1523 3170; x_wconf 73' lang='grc' dir='ltr'><strong>τὰ</strong></span> <span class='ocrx_word' id='word_1_181' title='bbox 1568 3087 1836 3170; x_wconf 77' lang='grc' dir='ltr'><strong><em>ἐόντα·</em></strong></span> <span class='ocrx_word' id='word_1_182' title='bbox 1886 3092 1974 3167; x_wconf 74' lang='grc' dir='ltr'><strong>ἓν</strong></span> <span class='ocrx_word' id='word_1_183' title='bbox 2013 3085 2167 3190; x_wconf 72' lang='grc' dir='ltr'><strong>ἄρα</strong></span> <span class='ocrx_word' id='word_1_184' title='bbox 2202 3086 2299 3164; x_wconf 83' lang='grc' dir='ltr'><strong>τὸ</strong></span> <span class='ocrx_word' id='word_1_185' title='bbox 2340 3084 2495 3166; x_wconf 87' lang='grc' dir='ltr'><strong><em>ε’όν.</em></strong></span> <span class='ocrx_word' id='word_1_186' title='bbox 2571 3091 2673 3164; x_wconf 84' lang='lat' dir='ltr'><strong>Et</strong></span> <span class='ocrx_word' id='word_1_187' title='bbox 2702 3112 2989 3189; x_wconf 89' lang='lat' dir='ltr'><strong>magna</strong></span> <span class='ocrx_word' id='word_1_188' title='bbox 3023 3089 3208 3167; x_wconf 90' lang='lat' dir='ltr'><strong>satis</strong></span> <span class='ocrx_word' id='word_1_189' title='bbox 3243 3087 3693 3169; x_wconf 87' lang='lat' dir='ltr'><strong>formarum</strong></span> 
     </span>
     <span class='ocr_line' id='line_1_19' title="bbox 754 3235 3686 3358; baseline -0.004 -38"><span class='ocrx_word' id='word_1_190' title='bbox 754 3243 1288 3358; x_wconf 70' lang='lat' dir='ltr'><strong>inconstautia</strong></span> <span class='ocrx_word' id='word_1_191' title='bbox 1346 3242 1434 3316; x_wconf 88' lang='lat' dir='ltr'><strong>in</strong></span> <span class='ocrx_word' id='word_1_192' title='bbox 1487 3241 1640 3317; x_wconf 91' lang='lat' dir='ltr'><strong>hoc</strong></span> <span class='ocrx_word' id='word_1_193' title='bbox 1691 3237 1999 3332; x_wconf 92' lang='lat' dir='ltr'><strong>libello,</strong></span> <span class='ocrx_word' id='word_1_194' title='bbox 2050 3238 2158 3318; x_wconf 89' lang='lat' dir='ltr'><strong>ita</strong></span> <span class='ocrx_word' id='word_1_195' title='bbox 2210 3263 2290 3339; x_wconf 88' lang='lat' dir='ltr'><strong>p.</strong></span> <span class='ocrx_word' id='word_1_196' title='bbox 2333 3242 2506 3312; x_wconf 81' lang='grc'><strong>976.</strong></span> <span class='ocrx_word' id='word_1_197' title='bbox 2557 3235 2646 3311; x_wconf 92' lang='grc' dir='ltr'><strong>Α.</strong></span> <span class='ocrx_word' id='word_1_198' title='bbox 2687 3239 2787 3307; x_wconf 75' lang='lat' dir='ltr'><strong>2ss</strong></span> <span class='ocrx_word' id='word_1_199' title='bbox 2851 3237 3216 3331; x_wconf 77' lang='grc' dir='ltr'><strong><em>πλείονα,</em></strong></span> <span class='ocrx_word' id='word_1_200' title='bbox 3282 3237 3382 3315; x_wconf 92' lang='lat' dir='ltr'><strong>ad</strong></span> <span class='ocrx_word' id='word_1_201' title='bbox 3435 3237 3541 3314; x_wconf 92' lang='lat' dir='ltr'><strong>ib.</strong></span> <span class='ocrx_word' id='word_1_202' title='bbox 3591 3246 3686 3311; x_wconf 77' lang='lat'><strong>51</strong></span> 
     </span>
     <span class='ocr_line' id='line_1_20' title="bbox 757 3387 3689 3496; baseline -0.003 -23"><span class='ocrx_word' id='word_1_203' title='bbox 757 3397 1024 3473; x_wconf 88' lang='grc' dir='ltr'><strong><em>πλείω.</em></strong></span> <span class='ocrx_word' id='word_1_204' title='bbox 1131 3399 1409 3496; x_wconf 85' lang='lat' dir='ltr'><strong>Itaque</strong></span> <span class='ocrx_word' id='word_1_205' title='bbox 1449 3390 1973 3470; x_wconf 87' lang='lat' dir='ltr'><strong>scribendum</strong></span> <span class='ocrx_word' id='word_1_206' title='bbox 2033 3403 2234 3492; x_wconf 87' lang='lat' dir='ltr'><strong>puto</strong></span> <span class='ocrx_word' id='word_1_207' title='bbox 2285 3388 2758 3488; x_wconf 86' lang='lat' dir='ltr'><strong>transposita</strong></span> <span class='ocrx_word' id='word_1_208' title='bbox 2807 3387 3195 3488; x_wconf 88' lang='lat' dir='ltr'><strong>particula</strong></span> <span class='ocrx_word' id='word_1_209' title='bbox 3243 3387 3376 3465; x_wconf 76' lang='grc' dir='ltr'><strong>καὶ</strong></span> <span class='ocrx_word' id='word_1_210' title='bbox 3427 3400 3507 3464; x_wconf 92' lang='lat' dir='ltr'><strong>et</strong></span> <span class='ocrx_word' id='word_1_211' title='bbox 3555 3389 3689 3467; x_wconf 91' lang='lat' dir='ltr'><strong>ad-</strong></span> 
     </span>
     <span class='ocr_line' id='line_1_21' title="bbox 757 3537 3691 3648; baseline -0.002 -24"><span class='ocrx_word' id='word_1_212' title='bbox 757 3546 921 3624; x_wconf 92' lang='lat' dir='ltr'><strong>dito</strong></span> <span class='ocrx_word' id='word_1_213' title='bbox 970 3548 1078 3643; x_wconf 77' lang='grc' dir='ltr'><strong>ἓν,</strong></span> <span class='ocrx_word' id='word_1_214' title='bbox 1133 3548 1352 3648; x_wconf 86' lang='lat' dir='ltr'><strong>quod</strong></span> <span class='ocrx_word' id='word_1_215' title='bbox 1403 3545 1846 3624; x_wconf 88' lang='lat' dir='ltr'><strong>necessario</strong></span> <span class='ocrx_word' id='word_1_216' title='bbox 1894 3545 2370 3647; x_wconf 81' lang='lat' dir='ltr'><strong>requiritur:</strong></span> <span class='ocrx_word' id='word_1_217' title='bbox 2429 3538 2733 3641; x_wconf 76' lang='grc' dir='ltr'><strong><em>πάντῃ</em></strong></span> <span class='ocrx_word' id='word_1_218' title='bbox 2801 3540 2899 3618; x_wconf 79' lang='grc' dir='ltr'><strong>δὲ</strong></span> <span class='ocrx_word' id='word_1_219' title='bbox 2961 3538 3362 3641; x_wconf 76' lang='grc' dir='ltr'><strong><em>ἄπειρον</em></strong></span> <span class='ocrx_word' id='word_1_220' title='bbox 3427 3537 3535 3619; x_wconf 80' lang='grc' dir='ltr'><strong>ὂν</strong></span> <span class='ocrx_word' id='word_1_221' title='bbox 3597 3545 3691 3622; x_wconf 78' lang='grc' dir='ltr'><strong>ἓν</strong></span> 
     </span>
     <span class='ocr_line' id='line_1_22' title="bbox 752 3693 3686 3801; baseline -0.002 -23"><span class='ocrx_word' id='word_1_222' title='bbox 752 3693 984 3778; x_wconf 81' lang='grc' dir='ltr'><strong><em>εἶναι·</em></strong></span> <span class='ocrx_word' id='word_1_223' title='bbox 1052 3702 1118 3776; x_wconf 86' lang='grc' dir='ltr'><strong>εἰ</strong></span> <span class='ocrx_word' id='word_1_224' title='bbox 1162 3697 1312 3800; x_wconf 75' lang='grc' dir='ltr'><strong>γὰρ</strong></span> <span class='ocrx_word' id='word_1_225' title='bbox 1350 3701 1570 3776; x_wconf 80' lang='grc' dir='ltr'><strong><em>πλέω</em></strong></span> <span class='ocrx_word' id='word_1_226' title='bbox 1619 3694 1677 3801; x_wconf 78' lang='grc' dir='ltr'><em>ἢ</em></span> <span class='ocrx_word' id='word_1_227' title='bbox 1718 3696 1880 3776; x_wconf 76' lang='grc' dir='ltr'><strong>καὶ</strong></span> <span class='ocrx_word' id='word_1_228' title='bbox 1926 3694 2071 3776; x_wconf 78' lang='grc' dir='ltr'><strong>δύο</strong></span> <span class='ocrx_word' id='word_1_229' title='bbox 2122 3703 2235 3798; x_wconf 81' lang='grc' dir='ltr'><strong>εἴη</strong></span> <span class='ocrx_word' id='word_1_230' title='bbox 2288 3726 2357 3772; x_wconf 82' lang='grc' dir='ltr'><strong>κ.</strong></span> <span class='ocrx_word' id='word_1_231' title='bbox 2390 3721 2458 3773; x_wconf 81' lang='grc' dir='ltr'><strong>τ.</strong></span> <span class='ocrx_word' id='word_1_232' title='bbox 2498 3699 2598 3786; x_wconf 91' lang='grc' dir='ltr'><strong><em>λ.,</em></strong></span> <span class='ocrx_word' id='word_1_233' title='bbox 2648 3715 3142 3796; x_wconf 84' lang='lat' dir='ltr'><strong>quamquam</strong></span> <span class='ocrx_word' id='word_1_234' title='bbox 3194 3694 3262 3769; x_wconf 87' lang='lat' dir='ltr'><strong>si</strong></span> <span class='ocrx_word' id='word_1_235' title='bbox 3316 3694 3499 3796; x_wconf 79' lang='lat' dir='ltr'><strong>quis</strong></span> <span class='ocrx_word' id='word_1_236' title='bbox 3553 3695 3686 3771; x_wconf 90' lang='lat' dir='ltr'><strong>ab·</strong></span> 
     </span>
     <span class='ocr_line' id='line_1_23' title="bbox 749 3848 3073 3951; baseline -0.004 -23"><span class='ocrx_word' id='word_1_237' title='bbox 749 3849 962 3949; x_wconf 86' lang='lat' dir='ltr'><strong>jiciat</strong></span> <span class='ocrx_word' id='word_1_238' title='bbox 1009 3850 1244 3951; x_wconf 88' lang='lat' dir='ltr'><strong>plane</strong></span> <span class='ocrx_word' id='word_1_239' title='bbox 1293 3848 1498 3926; x_wconf 91' lang='lat' dir='ltr'><strong>illud</strong></span> <span class='ocrx_word' id='word_1_240' title='bbox 1547 3848 1714 3943; x_wconf 84' lang='grc' dir='ltr'><strong><em>καὶ,</em></strong></span> <span class='ocrx_word' id='word_1_241' title='bbox 1764 3873 1936 3926; x_wconf 87' lang='lat' dir='ltr'><strong>non</strong></span> <span class='ocrx_word' id='word_1_242' title='bbox 1986 3849 2407 3926; x_wconf 59' lang='lat' dir='ltr'><strong>adverser„</strong></span> <span class='ocrx_word' id='word_1_243' title='bbox 3068 3943 3073 3948; x_wconf 17' lang='grc' dir='ltr'>Ι</span> 
     </span>
    </p>

    <p class='ocr_par' dir='ltr' id='par_1_5' title="bbox 751 3961 3754 4400">
     <span class='ocr_line' id='line_1_24' title="bbox 960 3961 3754 4098; baseline -0 -24"><span class='ocrx_word' id='word_1_244' title='bbox 960 3998 1225 4098; x_wconf 93' lang='lat' dir='ltr'><strong>Pergit</strong></span> <span class='ocrx_word' id='word_1_245' title='bbox 1286 3997 1661 4076; x_wconf 87' lang='lat' dir='ltr'><strong>Melissus</strong></span> <span class='ocrx_word' id='word_1_246' title='bbox 1732 4000 2312 4093; x_wconf 88' lang='lat' dir='ltr'><strong>demonstrare,</strong></span> <span class='ocrx_word' id='word_1_247' title='bbox 2392 4024 2583 4076; x_wconf 90' lang='lat' dir='ltr'><strong>cum</strong></span> <span class='ocrx_word' id='word_1_248' title='bbox 2659 3999 2763 4074; x_wconf 87' lang='lat' dir='ltr'><strong>sit</strong></span> <span class='ocrx_word' id='word_1_249' title='bbox 2829 4022 3130 4087; x_wconf 88' lang='lat' dir='ltr'><strong>unum,</strong></span> <span class='ocrx_word' id='word_1_250' title='bbox 3210 4019 3379 4072; x_wconf 91' lang='lat' dir='ltr'><strong>esse</strong></span> <span class='ocrx_word' id='word_1_251' title='bbox 3445 3961 3685 4073; x_wconf 76' lang='lat' dir='ltr'><strong>etiam</strong></span> <span class='ocrx_word' id='word_1_252' title='bbox 3749 3997 3754 4002; x_wconf 80' lang='grc'><strong>’</strong></span> 
     </span>
     <span class='ocr_line' id='line_1_25' title="bbox 751 4121 3684 4252; baseline 0 -27"><span class='ocrx_word' id='word_1_253' title='bbox 751 4121 979 4225; x_wconf 74' lang='grc' dir='ltr'><strong>οῐιιιιί</strong></span> <span class='ocrx_word' id='word_1_254' title='bbox 1031 4171 1122 4224; x_wconf 87' lang='lat' dir='ltr'><strong>ex</strong></span> <span class='ocrx_word' id='word_1_255' title='bbox 1172 4161 1392 4249; x_wconf 86' lang='lat' dir='ltr'><strong>parte</strong></span> <span class='ocrx_word' id='word_1_256' title='bbox 1457 4150 1606 4225; x_wconf 92' lang='lat' dir='ltr'><strong>sibi</strong></span> <span class='ocrx_word' id='word_1_257' title='bbox 1660 4149 1963 4244; x_wconf 86' lang='lat' dir='ltr'><strong>simile,</strong></span> <span class='ocrx_word' id='word_1_258' title='bbox 2033 4165 2113 4227; x_wconf 90' lang='lat' dir='ltr'><strong>at·</strong></span> <span class='ocrx_word' id='word_1_259' title='bbox 2173 4151 2394 4252; x_wconf 86' lang='lat' dir='ltr'><strong>quod</strong></span> <span class='ocrx_word' id='word_1_260' title='bbox 2446 4150 2739 4252; x_wconf 88' lang='lat' dir='ltr'><strong>legitur</strong></span> <span class='ocrx_word' id='word_1_261' title='bbox 2790 4149 3004 4249; x_wconf 90' lang='lat' dir='ltr'><strong>apud</strong></span> <span class='ocrx_word' id='word_1_262' title='bbox 3053 4145 3536 4225; x_wconf 74' lang='lat' dir='ltr'><strong>Bekkerumz</strong></span> <span class='ocrx_word' id='word_1_263' title='bbox 3599 4149 3684 4226; x_wconf 77' lang='grc' dir='ltr'><strong>ἓν</strong></span> 
     </span>
     <span class='ocr_line' id='line_1_26' title="bbox 751 4277 3681 4400; baseline 0 -26"><span class='ocrx_word' id='word_1_264' title='bbox 751 4299 834 4375; x_wconf 74' lang='grc' dir='ltr'><strong>δὲ</strong></span> <span class='ocrx_word' id='word_1_265' title='bbox 886 4295 1158 4393; x_wconf 82' lang='grc' dir='ltr'><strong><em>ὅμοιον</em></strong></span> <span class='ocrx_word' id='word_1_266' title='bbox 1208 4294 1411 4374; x_wconf 79' lang='grc' dir='ltr'><strong><em>εἶναι</em></strong></span> <span class='ocrx_word' id='word_1_267' title='bbox 1456 4294 1751 4398; x_wconf 77' lang='grc' dir='ltr'><strong><em>πάντῃ,</em></strong></span> <span class='ocrx_word' id='word_1_268' title='bbox 1814 4323 1962 4400; x_wconf 86' lang='lat' dir='ltr'><strong>pro</strong></span> <span class='ocrx_word' id='word_1_269' title='bbox 2014 4323 2178 4400; x_wconf 86' lang='lat' dir='ltr'><strong>quo</strong></span> <span class='ocrx_word' id='word_1_270' title='bbox 2229 4298 2554 4377; x_wconf 84' lang='lat' dir='ltr'><strong>Bekkeri</strong></span> <span class='ocrx_word' id='word_1_271' title='bbox 2608 4299 2840 4376; x_wconf 89' lang='lat' dir='ltr'><strong>codd.</strong></span> <span class='ocrx_word' id='word_1_272' title='bbox 2895 4292 2939 4374; x_wconf 81' lang='grc' dir='ltr'><em>ὃ</em></span> <span class='ocrx_word' id='word_1_273' title='bbox 2980 4297 3245 4394; x_wconf 76' lang='grc' dir='ltr'><strong><em>μόνον,</em></strong></span> <span class='ocrx_word' id='word_1_274' title='bbox 3276 4277 3283 4286; x_wconf 41' lang='lat'>⁸</span> <span class='ocrx_word' id='word_1_275' title='bbox 3310 4298 3394 4376; x_wconf 85' lang='lat' dir='ltr'><strong>id</strong></span> <span class='ocrx_word' id='word_1_276' title='bbox 3442 4301 3681 4375; x_wconf 87' lang='lat' dir='ltr'><strong>corri-</strong></span> 
     </span>
    </p>
   </div>
  </div>
 </body>
</html>
