4125 5309
2185 547 2297 638 10

779 775 837 879 ἧ
883 784 968 857 ἐκ
1010 777 1117 877 μὴ
1171 777 1439 872 ὄντος,
1494 782 1579 857 ἐκ
1623 776 1710 857 δὲ
1758 775 2068 858 τούτων
2113 777 2584 885 ἀμφοτέρων
2630 775 3024 862 ἀδύνατον
3072 778 3292 861 εἶναι.
3395 785 3705 865 Deinde

778 931 1050 1009 nescio
1099 956 1205 1009 an
1255 929 1545 1007 melius
1596 929 1937 1031 legatur:
1985 929 2365 1009 ἁπάντων
2397 957 2484 1009 τε
2518 929 2667 1034 γὰρ
2715 934 3262 1030 γενομένων
3308 958 3455 1034 pro
3504 962 3706 1032 γινο-

775 1083 1066 1179 μένων;
1116 1096 1195 1160 at
1241 1094 1450 1158 certe
1498 1079 2011 1159 scribendum
2069 1094 2219 1157 est:
2269 1085 2350 1159 εἰ
2395 1075 2458 1157 δ’
2504 1078 2759 1157 ὄντων
2787 1081 3027 1157 τινῶν
3063 1078 3186 1158 ἀεὶ
3219 1085 3439 1184 ἕτερα
3471 1103 3703 1183 προς-

775 1236 1096 1335 γὶνοιτο.
1173 1238 1421 1311 Porro
1472 1235 1643 1313 cod.
1676 1235 1928 1336 Lips.:
1977 1235 2070 1312 τὸ
2120 1240 2195 1313 ἵν
2243 1233 2557 1311 exhibet
2602 1257 2749 1334 pro
2797 1230 2891 1309 τὸ
2939 1236 3046 1331 ἓν,
3102 1234 3366 1335 itaque
3416 1234 3709 1312 confir-

776 1400 944 1465 mat
987 1384 1206 1487 quod
1240 1383 1575 1462 Brandis
1613 1387 2066 1462 Comment.
2095 1385 2370 1466 Eleatt.
2397 1414 2473 1488 p.
2507 1395 2649 1460 187
2682 1400 2761 1465 et
2787 1387 2988 1464 Hist.
3016 1387 3314 1466 Philos.
3348 1393 3412 1466 Ι.
3447 1416 3525 1491 Ρ.
3554 1396 3704 1463 599

775 1552 939 1618 not.
996 1536 1365 1635 conjecit,
1427 1531 1533 1614 τὸ
1597 1533 1725 1613 ὂν.
1848 1538 2157 1617 Deinde
2208 1564 2356 1642 pro
2419 1527 2484 1642 ᾧ
2537 1536 2633 1639 δὴ
2685 1538 2934 1616 πλέον
2980 1539 3111 1617 καὶ
3148 1540 3464 1635 μεῖζον,
3530 1539 3703 1617 cod.

774 1692 984 1793 Lips.
1050 1692 1115 1767 εἰ
1165 1686 1260 1789 δὴ
1316 1691 1448 1763 aa.
1500 1717 1567 1762 κ.
1620 1716 1696 1782 μ.
1762 1687 1983 1790 quod
2047 1686 2233 1765 ferri
2305 1689 2632 1789 quidem
2700 1702 2994 1789 potest,
3073 1690 3366 1766 rectius
3436 1703 3702 1767 autem

775 1840 1103 1930 scribaS,
1156 1839 1241 1914 id
1279 1836 1499 1938 quod
1531 1835 1697 1937 ipsa
1736 1836 1868 1915 illa
1905 1838 2196 1915 codicis
2227 1836 2459 1914 lectio
2492 1837 2824 1924 indicat,
2873 1827 2921 1938 ᾗ
2973 1840 3070 1917 δὲ
3121 1840 3370 1916 πλέον
3405 1870 3473 1917 κ.
3518 1864 3587 1916 τ.
3629 1845 3698 1916 λ.

774 1991 1147 2072 Melissus
1211 1989 1431 2066 enim
1503 1987 1725 2078 dicit,
1793 2000 2187 2088 quatenus
2254 1988 2338 2066 id
2406 1989 2623 2091 quod
2686 1988 2791 2066 sit
2839 2001 3206 2090 augescat
3249 2001 3331 2065 et
3379 2002 3703 2079 crescat,

774 2157 1098 2224 eatenus
1162 2141 1465 2244 aliq-uid
1531 2164 1621 2217 ex
1673 2139 1933 2217 nihilo
1983 2139 2196 2217 fieri.
2277 2130 2407 2219 ‘Hc
2465 2156 2735 2220 autem
2797 2142 2910 2220 sic
2962 2142 3415 2242 saepissime
3465 2167 3704 2219 usur-

770 2309 1040 2397 patur,
1091 2308 1186 2370 ut
1233 2305 1353 2370 est
1398 2291 1614 2393 apud
1662 2290 2231 2392 Empedoclem
2280 2318 2350 2368 v.
2398 2299 2534 2366 96:
2614 2280 2967 2391 Οὕτωςῇ
3020 2293 3162 2388 μὲν
3210 2295 3297 2370 ἓν
3347 2296 3432 2370 ἐκ
3481 2290 3707 2369 πλεο-ι

768 2475 933 2524 νων
979 2442 1373 2544 μεμάθηκε
1424 2437 1804 2543 φύεσθαι,
1867 2431 1917 2542 ᾗ
1969 2442 2050 2519 δὲ
2102 2439 2345 2520 πάλιν
2393 2439 2823 2547 διαφύντος
2872 2441 3050 2530 ἑνὸς
3096 2440 3360 2520 πλέον’
3417 2447 3703 2523 ἐκτελέ-

769 2605 1088 2690 θουόιν,
1140 2587 1386 2695 ταύτῃ
1436 2593 1795 2694 γίνονταί.
1840 2620 1926 2669 τε
1974 2591 2107 2670 καὶ
2155 2593 2257 2671 οὗ
2307 2601 2572 2697 σφισιν
2621 2600 2954 2689 ἔμπεδος
3001 2594 3234 2673 αἰὼν·
3301 2586 3351 2697 ᾗ
3404 2596 3491 2675 δὲ
3537 2594 3699 2675 τάδ’

741 2709 1257 2827 'cumaeam
1313 2747 1729 2848 διαμπερὲς
1779 2743 2088 2842 οὐδαμὰ
2140 2742 2399 2847 λήγει,
2451 2741 2696 2844 ταύτῃ
2751 2740 2814 2820 δ’
2861 2744 3030 2822 αἰὲν
3077 2752 3292 2825 ἔασιν
3334 2744 3704 2848 ἀκίνητον

768 2898 966 2978 κατὰ
1014 2894 1319 2977 κύκλον.
1376 2942 1478 2956 --
1524 2901 1774 2974 Porro
1817 2881 2253 2974 barbarum
2305 2896 2543 2998 plane
2592 2909 2744 2987 est,
2797 2894 3016 3002 quod
3066 2875 3356 2995 legitur
3402 2891 3459 2996 ἢ
3507 2894 3572 2974 δ’
3615 2902 3735 2977 ἐν»

768 3052 880 3155 τῷ
930 3048 1377 3152 μικροτέρῳ.
1459 3046 1761 3147 aliquot
1807 3047 2034 3125 codd·
2083 3046 2296 3148 apud
2340 3046 2781 3125 Bekkerum
2822 3042 2991 3142 οἶδ’,
3044 3050 3479 3128 rectissime
3528 3053 3699 3132 cod.

731 3201 977 3307 ⁴Lips.
1026 3195 1210 3277 0230?
1266 3202 1352 3276 ἐν
1410 3198 1977 3300 μικροτέρῳ,
2021 3171 2090 3275 Δει
2148 3196 2544 3298 principio
2598 3210 2866 3276 autem
2921 3195 3081 3311 jam
3130 3200 3461 3278 Beckius
3517 3229 3700 3304 pro·

766 3352 1037 3452 posuit
1099 3355 1196 3428 ἑν
1256 3349 1384 3451 τῷ
1442 3348 1657 3451 γὰρ,
1710 3350 1870 3426 nisi
1912 3348 2113 3427 forte
2161 3348 2295 3426 hic
2346 3363 2684 3451 praestat
2732 3346 2913 3440 0‘1'2't'⁹
2949 3354 3036 3428 ἐν
3083 3352 3197 3455 τῷ
3248 3353 3697 3460 μικροτέρῳ,

768 3503 864 3583 cf.
931 3509 1200 3609 Isaeus
1269 3504 1367 3582 de
1418 3503 1884 3583 Philoctem.
1949 3503 2218 3582 hered.
2269 3527 2348 3603 p.
2404 3508 2582 3577 152:
2658 3504 3153 3619 παραδοῦναι
3202 3502 3384 3582 οὔτε
3433 3507 3725 3595 λαβεῖν.

767 3649 1196 3752 ἠθέλησαν.

964 3801 1274 3879 Deinde
1310 3800 1540 3879 docet
1567 3800 1941 3881 Melissus
1983 3826 2255 3908 rerum
2296 3816 2706 3890 naturam,
2759 3827 2949 3878 cum
2991 3803 3092 3878 sit
3124 3814 3476 3895 aeterna,
3528 3792 3704 3880 esse

767 3952 1002 4033 etiam
1042 3952 1482 4044 infinitam,
1551 3953 1689 4031 sed
1739 3954 1851 4030 ibi
1902 3979 2050 4055 pro
2103 3956 2215 4041 εἰς
2262 3948 2306 4029 ὃ
2354 3951 2765 4052 γινόμενον
2814 3952 3258 4053 έτελεύτησέ
3308 3978 3503 4033 ποτε
3540 3952 3698 4030 for·

768 4122 966 4186 tasse
1005 4106 1187 4209 quis
1229 4104 1595 4206 conjiciat
1633 4106 2034 4209 scripsisse
2063 4104 2564 4183 Aristotelem
2601 4100 3150 4204 τελευτήσει
3192 4104 3407 4181 ποτὲ.
3479 4100 3697 4202 quod

766 4253 1057 4336 melius
1122 4261 1492 4359 congruit
1556 4283 1745 4334 cum
1809 4282 2266 4360 praegresso
2322 4258 2663 4357 ἐγένετο,
2731 4281 3083 4358 namque
3134 4281 3225 4332 ex
3281 4279 3412 4347 eo,
3478 4255 3693 4356 quod
