4125 5309
2139 598 2250 690 18

721 829 852 907 καὶ
903 828 1378 934 φθειρόμενα
1426 834 1540 918 εἰς
1584 829 1860 921 οὐσίας
1905 833 2129 922 τινας
2175 834 2454 923 ἄλλας.
2574 841 2940 939 Namque
2990 837 3125 919 illa
3177 837 3290 929 ὠς
3338 841 3471 918 καὶ
3516 841 3656 919 τὸν

715 979 1231 1082 Ἀναξαγόραν
1264 1025 1360 1039 -
1391 983 1755 1082 γίνεσθαι
1802 982 2109 1062 mediae
2159 999 2352 1061 sunt
2399 986 2695 1065 inserta
2746 992 3121 1084 orationi,
3173 993 3440 1095 itaque
3488 994 3647 1094 jam

718 1137 1210 1236 interruptus
1284 1135 1663 1214 orationis
1737 1137 1935 1214 ordo
2014 1136 2143 1213 his
2219 1138 2476 1215 verbis
2557 1135 2705 1216 κᾶν
2768 1139 3031 1231 οὕτως
3097 1145 3651 1236 continuatur,

719 1314 919 1392 quae
962 1291 1060 1369 ad
1099 1291 1452 1392 protasin
1493 1289 1901 1370 referenda
1944 1306 2173 1369 sunt:
2221 1315 2411 1367 nam
2451 1291 2607 1369 hoc
2646 1293 2838 1370 dicit
2867 1294 3358 1388 Aristoteles,
3411 1298 3645 1375 etiam

718 1446 784 1520 si
859 1442 1038 1544 quis
1111 1441 1586 1519 infinitatem
1654 1442 2145 1543 principium
2222 1465 2391 1519 esse
2461 1457 2749 1523 statuat
2817 1472 3020 1547 quae
3087 1449 3191 1524 sit
3257 1448 3352 1524 ab
3421 1449 3646 1523 omni

716 1596 1203 1687 aeternitate,
1286 1596 1975 1697 quemadmodum
2044 1599 2539 1698 Anaxagoras
2613 1597 2920 1691 fecerit,
3003 1599 3125 1675 vel
3197 1602 3307 1675 sic
3380 1612 3657 1676 tamen.

714 1767 1034 1821 necesse
1100 1768 1305 1835 esse,
1374 1743 1522 1820 alia
1590 1744 2081 1835 exoriantur,
2149 1744 2297 1823 alia
2361 1745 2781 1827 intereant.
2886 1750 3141 1827 Verba
3195 1762 3463 1825 autem
3515 1748 3645 1824 καὶ

712 1893 1086 1995 γενόμενά
1131 1893 1193 1970 τ’
1249 1907 1442 1969 sunt
1488 1894 1723 1994 plane
1774 1893 2129 1972 delenda.

912 2051 998 2123 P.
1024 2054 1195 2121 975.
1231 2051 1317 2123 Β.
1346 2052 1478 2118 2⁰:
1530 2052 1644 2122 ἔτι
1675 2042 1908 2123 οὐδὲν
1939 2040 2220 2147 οιωῶύει
2251 2047 2444 2141 μίαν
2472 2045 2648 2123 τινα
2682 2043 2962 2125 οὐσίαν
2989 2045 3083 2124 τὸ
3114 2047 3277 2123 πᾶν
3305 2043 3640 2148 μορφήν,

716 2198 825 2287 ὠς
884 2198 1015 2275 καὶ
1075 2195 1120 2274 o‘
1178 2194 1769 2296 Ἀναξίμανδρος
1834 2195 1966 2272 καὶ
2033 2193 2079 2272 ὁ
2137 2193 2630 2296 Ἀναξιμένης
2688 2200 3074 2298 λέγουσιν,
3140 2197 3185 2272 ὁ
3234 2198 3376 2293 μὲν
3430 2193 3640 2295 ὕδωρ

713 2343 911 2426 εἶναι
974 2343 1318 2449 φάμενος
1375 2344 1467 2421 τὸ
1527 2347 1726 2440 πᾶν,
1797 2345 1840 2422 ὁ
1892 2348 2013 2442 δὲ,
2082 2346 2127 2424 ὁ
2175 2345 2665 2449 Ἀναξιμένης
2729 2348 2954 2452 ἀέρα,
3025 2349 3154 2425 καὶ
3206 2346 3375 2427 ὅσοι
3421 2348 3648 2427 ἄλλοι

712 2495 965 2586 οὕτως
1016 2494 1214 2576 εἶναι
1260 2495 1353 2574 τὸ
1400 2503 1563 2576 πᾶν
1616 2504 1700 2578 ἓν
1730 2497 2145 2600 ἦξὶωκασι·
2224 2501 2462 2577 τοῦτο
2524 2499 2675 2601 ἤδη
2730 2500 3082 2601 σχήμασί
3131 2527 3217 2578 τε
3266 2502 3396 2577 καὶ
3448 2498 3640 2600 uhti-

711 2658 887 2730 θεσι
946 2650 1076 2728 καὶ
1143 2649 1537 2750 ὀλιγότητι
1593 2648 1719 2725 καὶ
1787 2650 1900 2752 τῷ
1965 2648 2214 2744 μανὸν
2274 2646 2329 2750 ἢ
2391 2648 2698 2728 πυκνὸν
2741 2652 3141 2750 γίνεσθαι,
3206 2649 3469 2729 πολλὰ
3511 2650 3640 2726 καὶ

713 2803 991 2904 ἄπειρα
1043 2801 1232 2878 ὄντα
1283 2828 1367 2879 τε
1416 2803 1545 2881 καὶ
1593 2802 1956 2904 γινόμενα
2010 2801 2530 2904 ἀπεργάζεται
2574 2802 2667 2881 τὸ
2719 2802 2928 2880 ὅλον.

912 2959 1353 3035 Ostendere
1402 2954 1574 3029 vult
1621 2953 1791 3029 fieri
1841 2977 2114 3053 posse,
2171 2967 2265 3028 ut
2313 2953 2461 3031 alia
2515 2954 2674 3031 sint
2722 2956 2818 3032 ab
2871 2956 3095 3032 omni
3147 2954 3601 3033 aeternitate
3620 3011 3647 3043 „

712 3110 856 3188 alia
921 3122 1188 3187 autem
1250 3121 1695 3209 procreata,
1757 3106 2443 3207 quemadmodum
2498 3109 3016 3210 Empedocles
3080 3111 3438 3186 statuerit
3486 3110 3636 3183 im·

709 3258 1070 3337 mortalia
1135 3281 1304 3334 esse
1368 3258 1757 3334 elementa
1822 3256 1955 3335 illa
2022 3270 2399 3357 quatuor,
2466 3281 2558 3332 ex
2609 3259 2902 3357 quibus
2956 3259 3224 3333 omnis
3274 3259 3639 3359 gignatur

707 3437 983 3489 rerum
1051 3410 1364 3489 infinita
1425 3410 1908 3500 multitudo,
1984 3422 2124 3485 aut
2181 3411 2672 3510 Anaxagoras
2737 3408 3054 3519 infinita
3125 3435 3292 3487 esse
3363 3411 3639 3488 omnia

710 3565 972 3643 statim
1038 3590 1080 3641 a
1144 3564 1575 3665 principio,
1640 3588 1731 3640 ex
1796 3562 2093 3665 quibus
2158 3561 2430 3638 omnia
2498 3560 2661 3636 sint
2726 3558 3106 3660 profecta.
3226 3567 3406 3639 Jam
3467 3588 3643 3639 non.

708 3729 965 3818 potest
1023 3717 1130 3792 ita
1192 3739 1548 3816 pergere,
1616 3712 1825 3789 nihil
1876 3714 2284 3814 prohibet,
2352 3713 2792 3814 quominus
2846 3739 3102 3789 unum
3159 3713 3364 3792 illud
3418 3715 3633 3817 quod

710 3879 826 3942 est
866 3891 1116 3943 unam
1165 3864 1512 3967 aliquam
1551 3865 1897 3965 speciem
1931 3864 2255 3957 induat,
2306 3891 2576 3941 unum
2611 3864 2937 3966 aliquod
2974 3866 3075 3940 sit
3107 3866 3637 3944 elementumt

706 4017 861 4092 hoc
922 4017 1142 4091 enim
1209 4015 1404 4117 quid
1469 4016 1565 4092 ad
1617 4015 1920 4092 Melissi
1984 4018 2750 4117 argumentationem
2809 4014 3427 4095 confutandam?
3497 4017 3636 4094 sed

707 4169 862 4246 hoc
897 4168 1154 4245 dicere
1188 4169 1552 4259 debebat,
1590 4169 1800 4244 nihil
1834 4169 2234 4269 prohibet,
2285 4170 2725 4270 quominus
2772 4170 3010 4247 etiam
3046 4194 3137 4245 ex
3170 4193 3337 4245 una
3372 4168 3635 4268 aliqua

708 4320 980 4416 rerum
1014 4317 1269 4396 forma
1301 4319 1669 4420 gignatur
1694 4319 2019 4421 aliquid.
2066 4321 2298 4399 Viam
2329 4334 2596 4398 autem
2633 4320 3116 4398 emendandi
3148 4321 3638 4398 demonstrat
