4125 5309
2112 532 2226 621 21

699 775 937 859 visse,
989 796 1147 874 qua
1181 797 1267 850 re
1303 770 1868 861 confirmatur,
1914 770 1998 846 id
2041 768 2261 872 quod
2298 768 2627 848 aliunde
2672 768 2908 846 etiam
2947 778 3286 859 constat,
3341 765 3648 843 Anaxa-

701 943 973 1020 goram
1016 946 1295 999 senem
1333 923 1773 1000 admodum
1811 923 2115 999 librum
2164 923 2261 1001 de
2300 948 2578 1000 rerum
2612 934 2898 999 natura
2934 918 3309 1012 edidisse,
3363 941 3649 1019 quem·

701 1070 1144 1150 admodum
1196 1074 1512 1152 Aristot.
1565 1082 1754 1153 Met.
1804 1081 1869 1153 Ι.
1921 1084 1970 1149 5
2036 1076 2229 1153 dicit
2275 1076 2814 1174 Anaxagoram
2879 1068 3491 1166 Ἐμπεδοκλέους
3551 1071 3648 1169 τῇ

701 1220 845 1316 μὲν
894 1218 1157 1324 ἡλικίᾳ
1204 1222 1618 1327 πρότερον,
1674 1239 1843 1312 τοῖς
1892 1221 1953 1300 δ’
2011 1230 2267 1324 ἔργοις
2319 1220 2647 1323 ὕστερον
2697 1243 2889 1297 esse.
2976 1221 3219 1322 Atqui
3272 1219 3649 1299 Melissus

706 1385 981 1451 contra
1053 1378 1620 1477 Empedoclem
1692 1378 2255 1478 disputaverat,
2340 1376 2425 1453 id
2502 1375 2724 1477 quod
2799 1371 3109 1473 liquido
3181 1375 3411 1453 docet
3478 1373 3650 1472 ejus

705 1526 931 1603 locus
968 1529 1178 1627 apud
1217 1528 1567 1630 Simplic.
1603 1555 1681 1629 p.
1718 1533 1839 1603 24.
1878 1531 1983 1608 A:
2042 1523 2311 1613 Οὕτως
2345 1514 2492 1603 οὖν
2523 1521 2775 1603 ἀίδιόν
2808 1529 2970 1605 ἐστι
3002 1523 3133 1600 καὶ
3166 1523 3492 1626 ἄπειρον
3521 1525 3654 1603 καὶ

707 1674 793 1750 ἓν
855 1675 986 1749 καὶ
1037 1673 1305 1770 ὅμοιον
1355 1679 1549 1770 πᾶν,
1616 1678 1748 1754 καὶ
1797 1675 1956 1754 οὔτ’
2013 1673 2114 1753 ἀν
2165 1674 2541 1752 ἀπόλοιτο
2594 1673 2777 1751 οὔτε
2825 1674 3072 1771 μέζον
3115 1675 3418 1773 γίνοιτο
3470 1674 3653 1753 οὔτε

707 1826 1340 1921 μετακοσμέοιτο,
1395 1827 1576 1905 οὔτε
1629 1825 1900 1927 ἀλγέοι
1945 1828 2129 1905 οὔτε
2172 1824 2499 1929 ἀνιῷτο·
2555 1828 2620 1902 εἰ
2664 1820 2814 1924 γάρ
2858 1849 2935 1899 τι
2976 1820 3282 1902 τούτων
3320 1822 3648 1923 πάσχοι,

711 1971 857 2051 οὐκ
923 1973 1023 2051 ἀν
1086 1983 1198 2053 ἔτι
1260 1982 1344 2055 ἓν
1395 1984 1506 2078 εἴη
1527 2004 1544 2020 ·
1615 1983 1680 2062 εἰ
1736 1977 1887 2081 γὰρ
1951 1979 2456 2080 ἑτεροιοῦται,
2524 1971 2820 2075 ἀνάγκη
2886 1974 2980 2051 τό
3043 1972 3175 2053 ἐὸν
3222 1975 3327 2077 μὴ
3382 1976 3658 2073 ὁμοῖον

712 2122 945 2221 εἶναι,
1020 2124 1183 2204 ἀλλ’
1249 2127 1759 2207 ἀπόλλυσθαι
1821 2127 1912 2205 τὸ
1977 2125 2327 2227 πρόςθεν
2378 2126 2540 2223 ἐὸν,
2604 2126 2696 2203 τὸ
2746 2128 2829 2205 δὲ
2883 2123 3026 2203 οὐκ
3078 2125 3208 2205 ἐόν
3255 2130 3650 2228 γίνεσθαι·

714 2282 791 2354 εἰ
876 2279 1228 2356 τοίνυν
1322 2250 2052 2382 τρισμυρίοισιν
2138 2284 2452 2357 ἔτεσιν
2546 2282 2971 2378 ἑτεροῖον
3067 2278 3451 2378 γένοιτο
3548 2280 3654 2359 τό

716 2430 935 2523 πᾶν,
1021 2426 1349 2512 ὄλοιτο
1425 2426 1537 2506 ἂν
1606 2438 1703 2510 ἐν
1766 2434 1892 2534 τῴ
1963 2430 2256 2508 παντὶ
2322 2425 2689 2530 χρόνῳ·
2771 2452 3126 2530 namque
3189 2431 3685 2512 etiamnunc!

715 2581 909 2659 haec
974 2584 1073 2660 ad
1121 2584 1687 2685 Empedoclem
1751 2585 2149 2685 pertinere
2201 2596 2437 2685 puto,
2507 2584 2647 2683 qui
2698 2582 3014 2660 videtur
3062 2584 3464 2661 censuisse
3517 2588 3652 2662 tri-

717 2731 932 2830 ginta
978 2732 1339 2809 millibus
1381 2757 1787 2813 annorum
1834 2734 2218 2812 absolutis
2256 2735 2540 2811 eodem
2586 2733 2861 2811 omnia
2898 2733 3189 2828 redire,
3238 2738 3459 2815 unde
3495 2740 3657 2815 sint

717 2878 1086 2980 profecta,
1123 2909 1514 2984 quorsum
1551 2899 1845 2985 spectat
1877 2886 2220 2963 maxime
2252 2883 2760 2985 Empedoclei
2800 2884 3176 2961 carminis
3211 2888 3653 2968 exordium.

1061 3031 1314 3111 Ἔστιν
1361 3031 1707 3133 ἀνάγκης
1753 3036 2065 3135 χρῆμα,
2133 3036 2354 3111 θεῶν
2402 3032 2775 3137 ψήφισμα
2828 3036 3207 3132 παλαιὸν,

1072 3180 1345 3278 ἀίδιον,
1399 3188 1815 3266 πλατέεσσι
1864 3189 2627 3290 κατεσφρηγισμένον
2677 3185 2971 3289 ὅρκοις,

1076 3323 1248 3412 εὖτέ
1310 3365 1430 3425 τις
1477 3335 1958 3438 ἀμπλακίῃσι
2009 3335 2233 3437 φόνῳ
2290 3339 2487 3441 φίλα
2538 3352 2729 3437 γυῖα
2777 3337 3011 3438 μιήνῃ

1079 3487 1413 3580 δαίμων,
1466 3493 1627 3567 οἵτε
1675 3490 1879 3576 βίοιο
1934 3484 2361 3588 λελόγχασι
2408 3490 2935 3589 μακραίωνος,

937 3658 944 3666 “
1074 3641 1245 3738 τρίς
1294 3673 1426 3737 μιν
1473 3643 1759 3744 μυρίας
1812 3630 2020 3740 ὧρας
2074 3637 2232 3717 ἀπὸ
2280 3635 2647 3741 μακάρων
2697 3638 3144 3740 ἀλάλησθαι

1072 3788 1483 3887 γινόμενον
1531 3804 1871 3869 παντοῖα
1922 3788 2051 3869 ὃιά
2095 3791 2351 3893 χροὸς
2397 3797 2602 3874 ‚eldea
2650 3791 3000 3890 θνητῶν.

721 3937 821 4010 Et
848 3957 1309 4040 congruunt
1337 3958 1718 4045 tempora,
1752 3969 1945 4021 nam
1970 3940 2490 4042 Empedocles
2524 3940 2731 4030 circa¹
2753 3923 3071 4040 Olymp.
3089 3944 3417 4022 LXXXI
3446 3940 3656 4018 vide-

720 4101 856 4164 tur
908 4114 1227 4168 carmen
1292 4122 1537 4172 suum
1594 4097 1970 4188 edidisse,
2034 4095 2239 4172 circa
2289 4094 2517 4171 illam
2567 4094 2788 4169 enim
2824 4093 3403 4194 Olympiadem
3465 4114 3658 4168 eum

720 4242 1188 4321 inclaruisse
1222 4246 1585 4346 perhibet
1614 4213 2043 4341 Eusebius,
2094 4247 2467 4324 Melissus
2494 4261 2777 4325 'autem
2818 4247 3267 4324 censendus
3304 4258 3421 4322 est
3454 4244 3659 4323 circa
