<?xml version="1.0" encoding="UTF-8"?>
<!DOCTYPE html PUBLIC "-//W3C//DTD XHTML 1.0 Transitional//EN"
    "http://www.w3.org/TR/xhtml1/DTD/xhtml1-transitional.dtd">
<html xmlns="http://www.w3.org/1999/xhtml" xml:lang="en" lang="en">
 <head>
  <title>
</title>
<meta http-equiv="Content-Type" content="text/html;charset=utf-8" />
  <meta name='ocr-system' content='tesseract 3.04.00' />
  <meta name='ocr-capabilities' content='ocr_page ocr_carea ocr_par ocr_line ocrx_word'/>
</head>
<body>
  <div class='ocr_page' id='page_1' title='image "./dearistotelisli00berggoog_0020.png"; bbox 0 0 4125 5309; ppageno 0'>
   <div class='ocr_carea' id='block_1_1' title="bbox 2045 538 2152 632">
    <p class='ocr_par' dir='ltr' id='par_1_1' title="bbox 2045 538 2152 632">
     <span class='ocr_line' id='line_1_1' title="bbox 2045 538 2152 632; baseline 0 0"><span class='ocrx_word' id='word_1_1' title='bbox 2045 538 2152 632; x_wconf 82' lang='lat'><em>17</em></span> 
     </span>
    </p>
   </div>
   <div class='ocr_carea' id='block_1_2' title="bbox 1940 661 2286 678">
    <p class='ocr_par' dir='ltr' id='par_1_2' title="bbox 1940 661 2286 678">
     <span class='ocr_line' id='line_1_2' title="bbox 1940 661 2286 678; baseline 0 4631"><span class='ocrx_word' id='word_1_2' title='bbox 1940 661 2286 678; x_wconf 95' lang='lat' dir='ltr'><em> </em></span> 
     </span>
    </p>
   </div>
   <div class='ocr_carea' id='block_1_3' title="bbox 623 774 3566 4358">
    <p class='ocr_par' dir='ltr' id='par_1_3' title="bbox 630 774 3562 1182">
     <span class='ocr_line' id='line_1_3' title="bbox 632 774 3561 878; baseline 0.004 -29"><span class='ocrx_word' id='word_1_3' title='bbox 632 775 797 850; x_wconf 79' lang='grc' dir='ltr'><em>τῶν</em></span> <span class='ocrx_word' id='word_1_4' title='bbox 842 774 1034 869; x_wconf 78' lang='grc' dir='ltr'><em>μετὰ</em></span> <span class='ocrx_word' id='word_1_5' title='bbox 1079 775 1337 877; x_wconf 80' lang='grc' dir='ltr'><em>πυρός</em></span> <span class='ocrx_word' id='word_1_6' title='bbox 1381 778 1794 878; x_wconf 71' lang='grc' dir='ltr'><em>γίγνεσθαι</em></span> <span class='ocrx_word' id='word_1_7' title='bbox 1840 776 1939 855; x_wconf 72' lang='grc' dir='ltr'><em>τὰ</em></span> <span class='ocrx_word' id='word_1_8' title='bbox 1980 778 2292 877; x_wconf 62' lang='grc' dir='ltr'><em>πολλά,</em></span> <span class='ocrx_word' id='word_1_9' title='bbox 2359 782 3035 878; x_wconf 75' lang='grc' dir='ltr'><em>διαλλαττομένων</em></span> <span class='ocrx_word' id='word_1_10' title='bbox 3086 806 3171 858; x_wconf 87' lang='grc' dir='ltr'><em>τε</em></span> <span class='ocrx_word' id='word_1_11' title='bbox 3229 780 3362 858; x_wconf 87' lang='grc' dir='ltr'><em>καὶ</em></span> <span class='ocrx_word' id='word_1_12' title='bbox 3407 790 3561 859; x_wconf 87' lang='grc' dir='ltr'><em>δια-</em></span> 
     </span>
     <span class='ocr_line' id='line_1_4' title="bbox 631 925 3562 1031; baseline 0.002 -30"><span class='ocrx_word' id='word_1_13' title='bbox 631 928 1105 1025; x_wconf 81' lang='grc' dir='ltr'><em>κρινομένων</em></span> <span class='ocrx_word' id='word_1_14' title='bbox 1155 929 1632 1030; x_wconf 71' lang='grc' dir='ltr'><em>φθείρεσθαι</em></span> <span class='ocrx_word' id='word_1_15' title='bbox 1678 925 1943 1023; x_wconf 74' lang='grc' dir='ltr'><em>πάλιν,</em></span> <span class='ocrx_word' id='word_1_16' title='bbox 1997 930 2130 1006; x_wconf 86' lang='grc' dir='ltr'><em>καὶ</em></span> <span class='ocrx_word' id='word_1_17' title='bbox 2179 926 2378 1007; x_wconf 82' lang='grc' dir='ltr'><em>εἶναι</em></span> <span class='ocrx_word' id='word_1_18' title='bbox 2426 932 2520 1031; x_wconf 84' lang='grc' dir='ltr'><em>τῇ</em></span> <span class='ocrx_word' id='word_1_19' title='bbox 2569 931 2713 1029; x_wconf 84' lang='grc' dir='ltr'><em>μὲν</em></span> <span class='ocrx_word' id='word_1_20' title='bbox 2758 934 2965 1027; x_wconf 75' lang='grc' dir='ltr'><em>μίξει</em></span> <span class='ocrx_word' id='word_1_21' title='bbox 3008 931 3270 1009; x_wconf 76' lang='grc' dir='ltr'><em>πολλά</em></span> <span class='ocrx_word' id='word_1_22' title='bbox 3305 957 3392 1008; x_wconf 89' lang='grc' dir='ltr'><em>τε</em></span> <span class='ocrx_word' id='word_1_23' title='bbox 3430 933 3562 1008; x_wconf 81' lang='grc' dir='ltr'><em>καὶ</em></span> 
     </span>
     <span class='ocr_line' id='line_1_5' title="bbox 630 1076 3127 1182; baseline 0.002 -30"><span class='ocrx_word' id='word_1_24' title='bbox 630 1078 725 1176; x_wconf 86' lang='grc' dir='ltr'><em>τῇ</em></span> <span class='ocrx_word' id='word_1_25' title='bbox 777 1079 1178 1178; x_wconf 75' lang='grc' dir='ltr'><em>διακρίσει,</em></span> <span class='ocrx_word' id='word_1_26' title='bbox 1232 1080 1327 1178; x_wconf 80' lang='grc' dir='ltr'><em>τῇ</em></span> <span class='ocrx_word' id='word_1_27' title='bbox 1379 1081 1462 1156; x_wconf 85' lang='grc' dir='ltr'><em>δὲ</em></span> <span class='ocrx_word' id='word_1_28' title='bbox 1516 1076 1746 1181; x_wconf 81' lang='grc' dir='ltr'><em>φύσει</em></span> <span class='ocrx_word' id='word_1_29' title='bbox 1792 1077 2089 1182; x_wconf 80' lang='grc' dir='ltr'><em>τε’τταρ&gt;</em></span> <span class='ocrx_word' id='word_1_30' title='bbox 2145 1080 2334 1157; x_wconf 76' lang='grc' dir='ltr'><em>ἄνευ</em></span> <span class='ocrx_word' id='word_1_31' title='bbox 2387 1083 2549 1158; x_wconf 75' lang='grc' dir='ltr'><em>τῶν</em></span> <span class='ocrx_word' id='word_1_32' title='bbox 2598 1082 2870 1160; x_wconf 85' lang='grc' dir='ltr'><em>αἰτίων</em></span> <span class='ocrx_word' id='word_1_33' title='bbox 2918 1078 2972 1182; x_wconf 79' lang='grc' dir='ltr'><em>ἢ</em></span> <span class='ocrx_word' id='word_1_34' title='bbox 3023 1088 3127 1159; x_wconf 77' lang='grc' dir='ltr'><em>ἓν.</em></span> 
     </span>
    </p>

    <p class='ocr_par' dir='ltr' id='par_1_4' title="bbox 627 1226 3559 1787">
     <span class='ocr_line' id='line_1_6' title="bbox 833 1226 3559 1334; baseline 0.001 -28"><span class='ocrx_word' id='word_1_35' title='bbox 833 1230 984 1307; x_wconf 88' lang='lat' dir='ltr'><em>Hic</em></span> <span class='ocrx_word' id='word_1_36' title='bbox 1051 1254 1375 1331; x_wconf 84' lang='lat' dir='ltr'><strong>quoque</strong></span> <span class='ocrx_word' id='word_1_37' title='bbox 1424 1228 1818 1308; x_wconf 85' lang='lat' dir='ltr'><strong>Bekkerus</strong></span> <span class='ocrx_word' id='word_1_38' title='bbox 1880 1226 2170 1328; x_wconf 87' lang='lat' dir='ltr'><strong>injuria</strong></span> <span class='ocrx_word' id='word_1_39' title='bbox 2224 1233 2544 1331; x_wconf 73' lang='lat' dir='ltr'><strong>sprevit,</strong></span> <span class='ocrx_word' id='word_1_40' title='bbox 2607 1257 2810 1334; x_wconf 85' lang='lat' dir='ltr'><strong>quae</strong></span> <span class='ocrx_word' id='word_1_41' title='bbox 2862 1234 3055 1310; x_wconf 89' lang='lat' dir='ltr'><strong>Cod.</strong></span> <span class='ocrx_word' id='word_1_42' title='bbox 3106 1232 3313 1333; x_wconf 69' lang='lat' dir='ltr'><strong>Lips</strong></span> <span class='ocrx_word' id='word_1_43' title='bbox 3373 1258 3559 1333; x_wconf 89' lang='lat' dir='ltr'><strong>sup·</strong></span> 
     </span>
     <span class='ocr_line' id='line_1_7' title="bbox 629 1380 3559 1487; baseline 0.003 -32"><span class='ocrx_word' id='word_1_44' title='bbox 629 1380 963 1480; x_wconf 81' lang='lat' dir='ltr'><strong>peditat,</strong></span> <span class='ocrx_word' id='word_1_45' title='bbox 1029 1381 1114 1456; x_wconf 88' lang='lat' dir='ltr'><em>in</em></span> <span class='ocrx_word' id='word_1_46' title='bbox 1173 1408 1334 1483; x_wconf 90' lang='lat' dir='ltr'><em>quo</em></span> <span class='ocrx_word' id='word_1_47' title='bbox 1384 1381 1576 1458; x_wconf 82' lang='lat' dir='ltr'><strong>haec</strong></span> <span class='ocrx_word' id='word_1_48' title='bbox 1628 1381 2039 1481; x_wconf 83' lang='lat' dir='ltr'><strong>leguntur:</strong></span> <span class='ocrx_word' id='word_1_49' title='bbox 2119 1386 2293 1469; x_wconf 79' lang='grc' dir='ltr'><em>πῶς</em></span> <span class='ocrx_word' id='word_1_50' title='bbox 2338 1383 2485 1485; x_wconf 74' lang='grc' dir='ltr'><em>γὰρ</em></span> <span class='ocrx_word' id='word_1_51' title='bbox 2541 1382 2771 1487; x_wconf 83' lang='grc' dir='ltr'><em>φήσει</em></span> <span class='ocrx_word' id='word_1_52' title='bbox 2819 1380 2951 1463; x_wconf 81' lang='grc' dir='ltr'><em>καὶ</em></span> <span class='ocrx_word' id='word_1_53' title='bbox 3003 1388 3559 1486; x_wconf 75' lang='grc' dir='ltr'><em>ἕπαυξησείετο</em></span> 
     </span>
     <span class='ocr_line' id='line_1_8' title="bbox 629 1533 3555 1641; baseline 0.001 -30"><span class='ocrx_word' id='word_1_54' title='bbox 629 1535 872 1611; x_wconf 84' lang='grc' dir='ltr'><em>παντὶ</em></span> <span class='ocrx_word' id='word_1_55' title='bbox 904 1534 1038 1611; x_wconf 87' lang='grc' dir='ltr'><em>καὶ</em></span> <span class='ocrx_word' id='word_1_56' title='bbox 1074 1536 1336 1613; x_wconf 74' lang='grc' dir='ltr'><em>ποθὲν</em></span> <span class='ocrx_word' id='word_1_57' title='bbox 1370 1533 1658 1626; x_wconf 65' lang='grc' dir='ltr'><em>ἐλθών,</em></span> <span class='ocrx_word' id='word_1_58' title='bbox 1709 1535 1925 1636; x_wconf 86' lang='lat' dir='ltr'><strong>quod</strong></span> <span class='ocrx_word' id='word_1_59' title='bbox 1958 1535 2193 1635; x_wconf 84' lang='lat' dir='ltr'><strong>plane</strong></span> <span class='ocrx_word' id='word_1_60' title='bbox 2229 1535 2757 1614; x_wconf 83' lang='lat' dir='ltr'><strong>confirmatur</strong></span> <span class='ocrx_word' id='word_1_61' title='bbox 2786 1538 2920 1632; x_wconf 89' lang='lat' dir='ltr'><strong>iis,</strong></span> <span class='ocrx_word' id='word_1_62' title='bbox 2972 1563 3175 1641; x_wconf 78' lang='lat' dir='ltr'><strong>quae</strong></span> <span class='ocrx_word' id='word_1_63' title='bbox 3207 1540 3555 1641; x_wconf 89' lang='lat' dir='ltr'><strong>Simplic.</strong></span> 
     </span>
     <span class='ocr_line' id='line_1_9' title="bbox 627 1684 2510 1787; baseline -0.001 -27"><span class='ocrx_word' id='word_1_64' title='bbox 627 1686 715 1763; x_wconf 86' lang='lat' dir='ltr'><em>in</em></span> <span class='ocrx_word' id='word_1_65' title='bbox 760 1684 1067 1786; x_wconf 89' lang='lat' dir='ltr'><strong>Physic.</strong></span> <span class='ocrx_word' id='word_1_66' title='bbox 1120 1711 1196 1786; x_wconf 89' lang='lat' dir='ltr'><em>p.</em></span> <span class='ocrx_word' id='word_1_67' title='bbox 1237 1692 1358 1761; x_wconf 78' lang='lat'><em>54.</em></span> <span class='ocrx_word' id='word_1_68' title='bbox 1395 1691 1457 1763; x_wconf 95' lang='lat' dir='ltr'>B</span> <span class='ocrx_word' id='word_1_69' title='bbox 1506 1710 1598 1761; x_wconf 81' lang='lat' dir='ltr'><em>ex</em></span> <span class='ocrx_word' id='word_1_70' title='bbox 1642 1687 2123 1786; x_wconf 87' lang='lat' dir='ltr'><strong>Empedocle</strong></span> <span class='ocrx_word' id='word_1_71' title='bbox 2170 1684 2510 1787; x_wconf 86' lang='lat' dir='ltr'>profert:</span> 
     </span>
    </p>

    <p class='ocr_par' dir='ltr' id='par_1_5' title="bbox 981 1831 3146 1937">
     <span class='ocr_line' id='line_1_10' title="bbox 981 1831 3146 1937; baseline -0.001 -23"><span class='ocrx_word' id='word_1_72' title='bbox 981 1839 1235 1914; x_wconf 80' lang='grc' dir='ltr'><em>Τοῦτο</em></span> <span class='ocrx_word' id='word_1_73' title='bbox 1283 1835 1345 1914; x_wconf 79' lang='grc' dir='ltr'><em>δ’</em></span> <span class='ocrx_word' id='word_1_74' title='bbox 1387 1835 1854 1937; x_wconf 80' lang='grc' dir='ltr'><em>ἑπαυξήσειε</em></span> <span class='ocrx_word' id='word_1_75' title='bbox 1887 1836 1979 1913; x_wconf 83' lang='grc' dir='ltr'><em>τὸ</em></span> <span class='ocrx_word' id='word_1_76' title='bbox 2011 1838 2177 1913; x_wconf 77' lang='grc' dir='ltr'><em>πᾶν</em></span> <span class='ocrx_word' id='word_1_77' title='bbox 2206 1838 2287 1914; x_wconf 92' lang='grc' dir='ltr'><em>τί</em></span> <span class='ocrx_word' id='word_1_78' title='bbox 2317 1866 2402 1913; x_wconf 88' lang='grc' dir='ltr'><em>κε</em></span> <span class='ocrx_word' id='word_1_79' title='bbox 2434 1836 2564 1913; x_wconf 86' lang='grc' dir='ltr'><em>καὶ</em></span> <span class='ocrx_word' id='word_1_80' title='bbox 2598 1831 2854 1912; x_wconf 70' lang='grc' dir='ltr'><em>πόθεν</em></span> <span class='ocrx_word' id='word_1_81' title='bbox 2885 1833 3146 1930; x_wconf 77' lang='grc' dir='ltr'><em>ἐλθόν,</em></span> 
     </span>
    </p>

    <p class='ocr_par' dir='ltr' id='par_1_6' title="bbox 628 1983 3130 2241">
     <span class='ocr_line' id='line_1_11' title="bbox 983 1983 3130 2089; baseline -0.002 -23"><span class='ocrx_word' id='word_1_82' title='bbox 983 1990 1097 2089; x_wconf 90' lang='grc' dir='ltr'><em>πῆ</em></span> <span class='ocrx_word' id='word_1_83' title='bbox 1149 1991 1234 2066; x_wconf 81' lang='grc' dir='ltr'><em>δέ</em></span> <span class='ocrx_word' id='word_1_84' title='bbox 1284 2019 1370 2066; x_wconf 91' lang='grc' dir='ltr'><em>κε</em></span> <span class='ocrx_word' id='word_1_85' title='bbox 1419 1988 1549 2064; x_wconf 86' lang='grc' dir='ltr'><em>καὶ</em></span> <span class='ocrx_word' id='word_1_86' title='bbox 1598 1986 1973 2065; x_wconf 76' lang='grc' dir='ltr'><em>ἀπόλοιτο</em></span> <span class='ocrx_word' id='word_1_87' title='bbox 1983 2047 2006 2083; x_wconf 93' lang='grc'><em>,</em></span> <span class='ocrx_word' id='word_1_88' title='bbox 2062 1987 2231 2066; x_wconf 80' lang='grc' dir='ltr'><em>ἐπεὶ</em></span> <span class='ocrx_word' id='word_1_89' title='bbox 2280 1983 2506 2064; x_wconf 77' lang='grc' dir='ltr'><em>τῶνδ’</em></span> <span class='ocrx_word' id='word_1_90' title='bbox 2545 1984 2776 2064; x_wconf 77' lang='grc' dir='ltr'><em>οὐδὲν</em></span> <span class='ocrx_word' id='word_1_91' title='bbox 2827 1991 3130 2087; x_wconf 74' lang='grc' dir='ltr'><em>ἔρημον.</em></span> 
     </span>
     <span class='ocr_line' id='line_1_12' title="bbox 628 2138 2422 2241; baseline -0.001 -27"><span class='ocrx_word' id='word_1_92' title='bbox 628 2140 765 2241; x_wconf 84' lang='lat' dir='ltr'><em>qui</em></span> <span class='ocrx_word' id='word_1_93' title='bbox 816 2164 1090 2216; x_wconf 88' lang='lat' dir='ltr'><strong>versus</strong></span> <span class='ocrx_word' id='word_1_94' title='bbox 1142 2140 1249 2217; x_wconf 82' lang='lat' dir='ltr'><em>ita</em></span> <span class='ocrx_word' id='word_1_95' title='bbox 1299 2139 1672 2216; x_wconf 83' lang='lat' dir='ltr'><strong>videntur</strong></span> <span class='ocrx_word' id='word_1_96' title='bbox 1721 2138 2164 2240; x_wconf 86' lang='lat' dir='ltr'><strong>corrigendi</strong></span> <span class='ocrx_word' id='word_1_97' title='bbox 2218 2162 2422 2215; x_wconf 89' lang='lat' dir='ltr'><strong>esse:</strong></span> 
     </span>
    </p>

    <p class='ocr_par' dir='ltr' id='par_1_7' title="bbox 981 2285 3146 2391">
     <span class='ocr_line' id='line_1_13' title="bbox 981 2285 3146 2391; baseline -0.002 -24"><span class='ocrx_word' id='word_1_98' title='bbox 981 2294 1233 2368; x_wconf 77' lang='grc' dir='ltr'><em>Τοῦτο</em></span> <span class='ocrx_word' id='word_1_99' title='bbox 1269 2289 1332 2369; x_wconf 75' lang='grc' dir='ltr'><em>δ’</em></span> <span class='ocrx_word' id='word_1_100' title='bbox 1369 2287 1837 2391; x_wconf 78' lang='grc' dir='ltr'><em>ἐπαυξήσειε</em></span> <span class='ocrx_word' id='word_1_101' title='bbox 1871 2290 1963 2368; x_wconf 78' lang='grc' dir='ltr'><em>τὸ</em></span> <span class='ocrx_word' id='word_1_102' title='bbox 1995 2295 2161 2369; x_wconf 80' lang='grc' dir='ltr'><em>πᾶν</em></span> <span class='ocrx_word' id='word_1_103' title='bbox 2199 2320 2283 2367; x_wconf 88' lang='grc' dir='ltr'><em>κε</em></span> <span class='ocrx_word' id='word_1_104' title='bbox 2315 2292 2394 2366; x_wconf 91' lang='grc' dir='ltr'><em>τί</em></span> <span class='ocrx_word' id='word_1_105' title='bbox 2431 2287 2563 2365; x_wconf 87' lang='grc' dir='ltr'><em>καὶ</em></span> <span class='ocrx_word' id='word_1_106' title='bbox 2593 2285 2850 2364; x_wconf 71' lang='grc' dir='ltr'><em>πόθεν</em></span> <span class='ocrx_word' id='word_1_107' title='bbox 2882 2285 3146 2382; x_wconf 77' lang='grc' dir='ltr'><em>ἐλθόν,</em></span> 
     </span>
    </p>

    <p class='ocr_par' dir='ltr' id='par_1_8' title="bbox 623 2438 3566 4358">
     <span class='ocr_line' id='line_1_14' title="bbox 985 2438 3098 2543; baseline 0 -27"><span class='ocrx_word' id='word_1_108' title='bbox 985 2443 1098 2543; x_wconf 85' lang='grc' dir='ltr'><em>πῆ</em></span> <span class='ocrx_word' id='word_1_109' title='bbox 1136 2443 1219 2519; x_wconf 85' lang='grc' dir='ltr'><em>δὲ</em></span> <span class='ocrx_word' id='word_1_110' title='bbox 1252 2441 1382 2518; x_wconf 89' lang='grc' dir='ltr'><em>καὶ</em></span> <span class='ocrx_word' id='word_1_111' title='bbox 1417 2439 1884 2532; x_wconf 75' lang='grc' dir='ltr'><em>ἐξαπόλοιτό</em></span> <span class='ocrx_word' id='word_1_112' title='bbox 1915 2438 2005 2535; x_wconf 77' lang='grc' dir='ltr'><em>κ’,</em></span> <span class='ocrx_word' id='word_1_113' title='bbox 2062 2442 2232 2520; x_wconf 80' lang='grc' dir='ltr'><em>ἐπεὶ</em></span> <span class='ocrx_word' id='word_1_114' title='bbox 2266 2440 2489 2518; x_wconf 76' lang='grc' dir='ltr'><em>τῶνδ’</em></span> <span class='ocrx_word' id='word_1_115' title='bbox 2528 2438 2759 2518; x_wconf 80' lang='grc' dir='ltr'><em>οὐδὲν</em></span> <span class='ocrx_word' id='word_1_116' title='bbox 2794 2446 3098 2542; x_wconf 76' lang='grc' dir='ltr'><em>ἔρημον.</em></span> 
     </span>
     <span class='ocr_line' id='line_1_15' title="bbox 630 2582 3560 2694; baseline -0.001 -20"><span class='ocrx_word' id='word_1_117' title='bbox 630 2596 783 2674; x_wconf 84' lang='grc' dir='ltr'><strong>3-1ἰο</strong></span> <span class='ocrx_word' id='word_1_118' title='bbox 835 2608 1101 2673; x_wconf 84' lang='lat' dir='ltr'><strong>autem</strong></span> <span class='ocrx_word' id='word_1_119' title='bbox 1155 2596 1329 2673; x_wconf 91' lang='lat' dir='ltr'><strong>loco</strong></span> <span class='ocrx_word' id='word_1_120' title='bbox 1381 2591 1899 2694; x_wconf 83' lang='lat' dir='ltr'><strong>Empedocles</strong></span> <span class='ocrx_word' id='word_1_121' title='bbox 1950 2591 2077 2667; x_wconf 90' lang='lat' dir='ltr'><strong>his</strong></span> <span class='ocrx_word' id='word_1_122' title='bbox 2130 2590 2631 2674; x_wconf 76' lang='lat' dir='ltr'><strong>substituisse</strong></span> <span class='ocrx_word' id='word_1_123' title='bbox 2680 2591 3029 2668; x_wconf 77' lang='lat' dir='ltr'><strong>videturt</strong></span> <span class='ocrx_word' id='word_1_124' title='bbox 3107 2587 3366 2669; x_wconf 74' lang='grc' dir='ltr'><em>πόθεν</em></span> <span class='ocrx_word' id='word_1_125' title='bbox 3416 2582 3560 2671; x_wconf 73' lang='grc' dir='ltr'><em>οὖν</em></span> 
     </span>
     <span class='ocr_line' id='line_1_16' title="bbox 625 2740 3562 2846; baseline 0 -26"><span class='ocrx_word' id='word_1_126' title='bbox 625 2746 706 2823; x_wconf 83' lang='grc' dir='ltr'><em>τί</em></span> <span class='ocrx_word' id='word_1_127' title='bbox 745 2742 807 2820; x_wconf 87' lang='grc' dir='ltr'><em>κ’</em></span> <span class='ocrx_word' id='word_1_128' title='bbox 854 2746 1217 2837; x_wconf 75' lang='grc' dir='ltr'><em>ἐπέλθοι,</em></span> <span class='ocrx_word' id='word_1_129' title='bbox 1272 2744 1427 2821; x_wconf 84' lang='lat' dir='ltr'><strong>vid.</strong></span> <span class='ocrx_word' id='word_1_130' title='bbox 1457 2745 1777 2824; x_wconf 87' lang='lat' dir='ltr'><strong>Aristot.</strong></span> <span class='ocrx_word' id='word_1_131' title='bbox 1813 2741 2072 2821; x_wconf 49' lang='lat' dir='ltr'><em>infra.¹</em></span> <span class='ocrx_word' id='word_1_132' title='bbox 2130 2742 2368 2842; x_wconf 89' lang='lat' dir='ltr'><strong>Apud</strong></span> <span class='ocrx_word' id='word_1_133' title='bbox 2400 2740 2902 2819; x_wconf 83' lang='lat' dir='ltr'><strong>Aristotelem</strong></span> <span class='ocrx_word' id='word_1_134' title='bbox 2937 2755 3209 2820; x_wconf 78' lang='lat' dir='ltr'><strong>autem</strong></span> <span class='ocrx_word' id='word_1_135' title='bbox 3244 2760 3562 2846; x_wconf 81' lang='lat' dir='ltr'><strong>apparet</strong></span> 
     </span>
     <span class='ocr_line' id='line_1_17' title="bbox 627 2891 3561 2995; baseline 0.001 -24"><span class='ocrx_word' id='word_1_136' title='bbox 627 2893 1140 2971; x_wconf 85' lang='lat' dir='ltr'><strong>scribendum</strong></span> <span class='ocrx_word' id='word_1_137' title='bbox 1186 2918 1387 2969; x_wconf 83' lang='lat' dir='ltr'><strong>esse:</strong></span> <span class='ocrx_word' id='word_1_138' title='bbox 1439 2895 1616 2981; x_wconf 75' lang='grc' dir='ltr'><em>πῶς</em></span> <span class='ocrx_word' id='word_1_139' title='bbox 1656 2892 1805 2993; x_wconf 76' lang='grc' dir='ltr'><em>γὰρ</em></span> <span class='ocrx_word' id='word_1_140' title='bbox 1856 2891 2002 2989; x_wconf 75' lang='grc' dir='ltr'><em>ἄν,</em></span> <span class='ocrx_word' id='word_1_141' title='bbox 2057 2892 2332 2995; x_wconf 81' lang='grc' dir='ltr'><em>φησὶ,</em></span> <span class='ocrx_word' id='word_1_142' title='bbox 2384 2891 2515 2967; x_wconf 89' lang='grc' dir='ltr'><em>καὶ</em></span> <span class='ocrx_word' id='word_1_143' title='bbox 2549 2891 3151 2992; x_wconf 73' lang='grc' dir='ltr'><em>,ἐπαυξήσειε</em></span> <span class='ocrx_word' id='word_1_144' title='bbox 3209 2895 3314 2973; x_wconf 83' lang='grc' dir='ltr'><em>τὸ</em></span> <span class='ocrx_word' id='word_1_145' title='bbox 3372 2897 3561 2976; x_wconf 83' lang='grc' dir='ltr'><em>πᾶν</em></span> 
     </span>
     <span class='ocr_line' id='line_1_18' title="bbox 627 3044 3557 3146; baseline 0.001 -23"><span class='ocrx_word' id='word_1_146' title='bbox 627 3050 719 3125; x_wconf 80' lang='grc' dir='ltr'><em>τί</em></span> <span class='ocrx_word' id='word_1_147' title='bbox 776 3047 936 3124; x_wconf 83' lang='grc' dir='ltr'><em>καὶ</em></span> <span class='ocrx_word' id='word_1_148' title='bbox 998 3044 1309 3124; x_wconf 73' lang='grc' dir='ltr'><em>πόθεν</em></span> <span class='ocrx_word' id='word_1_149' title='bbox 1370 3047 1703 3146; x_wconf 75' lang='grc' dir='ltr'><em>ἐλθόν,</em></span> <span class='ocrx_word' id='word_1_150' title='bbox 1769 3047 2097 3126; x_wconf 85' lang='lat' dir='ltr'><strong>fortasse</strong></span> <span class='ocrx_word' id='word_1_151' title='bbox 2149 3058 2415 3122; x_wconf 82' lang='lat' dir='ltr'><strong>autem</strong></span> <span class='ocrx_word' id='word_1_152' title='bbox 2469 3045 3313 3145; x_wconf 67' lang='lat' dir='ltr'><strong>Empedocles‘itidem</strong></span> <span class='ocrx_word' id='word_1_153' title='bbox 3363 3049 3557 3127; x_wconf 83' lang='lat' dir='ltr'><strong>haec</strong></span> 
     </span>
     <span class='ocr_line' id='line_1_19' title="bbox 624 3178 3558 3302; baseline 0.001 -27"><span class='ocrx_word' id='word_1_154' title='bbox 624 3178 1079 3278; x_wconf 51' lang='lat' dir='ltr'><strong>variaverint:</strong></span> <span class='ocrx_word' id='word_1_155' title='bbox 1143 3202 1344 3287; x_wconf 77' lang='grc' dir='ltr'><em>πῶς</em></span> <span class='ocrx_word' id='word_1_156' title='bbox 1405 3197 1575 3299; x_wconf 71' lang='grc' dir='ltr'><em>γὰρ</em></span> <span class='ocrx_word' id='word_1_157' title='bbox 1642 3195 2229 3299; x_wconf 77' lang='grc' dir='ltr'><em>ἐπαυξήσειε</em></span> <span class='ocrx_word' id='word_1_158' title='bbox 2289 3198 2395 3276; x_wconf 82' lang='grc' dir='ltr'><em>τὸ</em></span> <span class='ocrx_word' id='word_1_159' title='bbox 2456 3201 2640 3276; x_wconf 79' lang='grc' dir='ltr'><em>πᾶν</em></span> <span class='ocrx_word' id='word_1_160' title='bbox 2700 3202 2796 3276; x_wconf 84' lang='grc' dir='ltr'><em>κέ</em></span> <span class='ocrx_word' id='word_1_161' title='bbox 2859 3225 2982 3292; x_wconf 73' lang='grc' dir='ltr'><em>τις</em></span> <span class='ocrx_word' id='word_1_162' title='bbox 3050 3203 3558 3302; x_wconf 79' lang='lat' dir='ltr'><strong>Praepostere</strong></span> 
     </span>
     <span class='ocr_line' id='line_1_20' title="bbox 627 3348 3555 3451; baseline 0 -27"><span class='ocrx_word' id='word_1_163' title='bbox 627 3361 893 3424; x_wconf 82' lang='lat' dir='ltr'><strong>autem</strong></span> <span class='ocrx_word' id='word_1_164' title='bbox 930 3373 1018 3426; x_wconf 87' lang='lat' dir='ltr'><em>ea</em></span> <span class='ocrx_word' id='word_1_165' title='bbox 1036 3408 1057 3439; x_wconf 87' lang='lat'>‚</span> <span class='ocrx_word' id='word_1_166' title='bbox 1105 3374 1307 3450; x_wconf 85' lang='lat' dir='ltr'><strong>quae</strong></span> <span class='ocrx_word' id='word_1_167' title='bbox 1344 3352 1987 3451; x_wconf 79' lang='lat' dir='ltr'><strong>subsequuntur,</strong></span> <span class='ocrx_word' id='word_1_168' title='bbox 2036 3349 2369 3428; x_wconf 85' lang='lat' dir='ltr'><strong>diremta</strong></span> <span class='ocrx_word' id='word_1_169' title='bbox 2406 3348 2712 3423; x_wconf 86' lang='lat' dir='ltr'><strong>suntin</strong></span> <span class='ocrx_word' id='word_1_170' title='bbox 2746 3360 2902 3425; x_wconf 83' lang='lat' dir='ltr'><strong>tres</strong></span> <span class='ocrx_word' id='word_1_171' title='bbox 2937 3349 3234 3427; x_wconf 85' lang='lat' dir='ltr'><strong>duosve</strong></span> <span class='ocrx_word' id='word_1_172' title='bbox 3269 3349 3555 3427; x_wconf 83' lang='lat' dir='ltr'><strong>articu-</strong></span> 
     </span>
     <span class='ocr_line' id='line_1_21' title="bbox 623 3498 3566 3602; baseline 0.001 -28"><span class='ocrx_word' id='word_1_173' title='bbox 623 3498 782 3591; x_wconf 89' lang='lat' dir='ltr'><strong>los,</strong></span> <span class='ocrx_word' id='word_1_174' title='bbox 824 3501 932 3577; x_wconf 85' lang='lat' dir='ltr'><em>ita</em></span> <span class='ocrx_word' id='word_1_175' title='bbox 965 3515 1062 3576; x_wconf 85' lang='lat' dir='ltr'><em>ut</em></span> <span class='ocrx_word' id='word_1_176' title='bbox 1087 3499 1246 3601; x_wconf 83' lang='lat' dir='ltr'><em>jam</em></span> <span class='ocrx_word' id='word_1_177' title='bbox 1282 3501 1515 3602; x_wconf 83' lang='lat' dir='ltr'><strong>plane</strong></span> <span class='ocrx_word' id='word_1_178' title='bbox 1550 3502 1773 3581; x_wconf 82' lang='lat' dir='ltr'><strong>nulla</strong></span> <span class='ocrx_word' id='word_1_179' title='bbox 1809 3503 2000 3579; x_wconf 90' lang='lat' dir='ltr'><strong>insit</strong></span> <span class='ocrx_word' id='word_1_180' title='bbox 2031 3501 2458 3593; x_wconf 84' lang='lat' dir='ltr'><strong>sententia3</strong></span> <span class='ocrx_word' id='word_1_181' title='bbox 2513 3501 2992 3592; x_wconf 83' lang='lat' dir='ltr'><strong>adscribam,</strong></span> <span class='ocrx_word' id='word_1_182' title='bbox 3035 3501 3566 3601; x_wconf 65' lang='lat' dir='ltr'><em>quemadmo-⁴</em></span> 
     </span>
     <span class='ocr_line' id='line_1_22' title="bbox 625 3652 3555 3758; baseline 0 -26"><span class='ocrx_word' id='word_1_183' title='bbox 625 3655 822 3732; x_wconf 89' lang='lat' dir='ltr'><em>dum</em></span> <span class='ocrx_word' id='word_1_184' title='bbox 861 3667 1052 3729; x_wconf 78' lang='lat' dir='ltr'><strong>sunt</strong></span> <span class='ocrx_word' id='word_1_185' title='bbox 1084 3654 1677 3755; x_wconf 81' lang='lat' dir='ltr'><strong>distinguenda:</strong></span> <span class='ocrx_word' id='word_1_186' title='bbox 1728 3652 1837 3731; x_wconf 76' lang='grc' dir='ltr'><em>’Ἡ</em></span> <span class='ocrx_word' id='word_1_187' title='bbox 1858 3656 2087 3733; x_wconf 75' lang='grc' dir='ltr'><em>εἶκαὶ</em></span> <span class='ocrx_word' id='word_1_188' title='bbox 2120 3657 2397 3758; x_wconf 75' lang='grc' dir='ltr'><em>ἄπειρα</em></span> <span class='ocrx_word' id='word_1_189' title='bbox 2436 3653 2681 3743; x_wconf 68' lang='grc' dir='ltr'><em>εὐθὺς</em></span> <span class='ocrx_word' id='word_1_190' title='bbox 2709 3655 2959 3733; x_wconf 73' lang='grc' dir='ltr'><em>ταῦτα</em></span> <span class='ocrx_word' id='word_1_191' title='bbox 2995 3660 3105 3755; x_wconf 82' lang='grc' dir='ltr'><em>εἴη</em></span> <span class='ocrx_word' id='word_1_192' title='bbox 3142 3655 3304 3751; x_wconf 87' lang='lat' dir='ltr'><strong>(hie</strong></span> <span class='ocrx_word' id='word_1_193' title='bbox 3334 3656 3555 3733; x_wconf 88' lang='lat' dir='ltr'><strong>enim</strong></span> 
     </span>
     <span class='ocr_line' id='line_1_23' title="bbox 623 3794 3556 3910; baseline 0 -29"><span class='ocrx_word' id='word_1_194' title='bbox 623 3804 823 3881; x_wconf 84' lang='lat' dir='ltr'><strong>ordo</strong></span> <span class='ocrx_word' id='word_1_195' title='bbox 858 3815 976 3878; x_wconf 87' lang='lat' dir='ltr'><strong>est</strong></span> <span class='ocrx_word' id='word_1_196' title='bbox 1006 3802 1093 3877; x_wconf 88' lang='lat' dir='ltr'><em>in</em></span> <span class='ocrx_word' id='word_1_197' title='bbox 1136 3804 1306 3880; x_wconf 67' lang='lat' dir='ltr'><strong>coda</strong></span> <span class='ocrx_word' id='word_1_198' title='bbox 1342 3804 1581 3905; x_wconf 89' lang='lat' dir='ltr'><strong>Lips.)</strong></span> <span class='ocrx_word' id='word_1_199' title='bbox 1635 3805 1725 3894; x_wconf 75' lang='grc' dir='ltr'><em>ἐξ</em></span> <span class='ocrx_word' id='word_1_200' title='bbox 1761 3794 1877 3880; x_wconf 79' lang='grc' dir='ltr'><em>ὦν</em></span> <span class='ocrx_word' id='word_1_201' title='bbox 1909 3805 2492 3901; x_wconf 70' lang='grc' dir='ltr'><em>συντιθεμένων</em></span> <span class='ocrx_word' id='word_1_202' title='bbox 2520 3805 2901 3910; x_wconf 74' lang='grc' dir='ltr'><em>γίγνεται,</em></span> <span class='ocrx_word' id='word_1_203' title='bbox 2956 3806 3556 3904; x_wconf 81' lang='grc' dir='ltr'><em>διακρινομένων</em></span> 
     </span>
     <span class='ocr_line' id='line_1_24' title="bbox 623 3952 3555 4058; baseline 0 -24"><span class='ocrx_word' id='word_1_204' title='bbox 623 3958 708 4035; x_wconf 82' lang='grc' dir='ltr'><em>δὲ</em></span> <span class='ocrx_word' id='word_1_205' title='bbox 763 3958 1210 4058; x_wconf 73' lang='grc' dir='ltr'><em>φθείρεται,</em></span> <span class='ocrx_word' id='word_1_206' title='bbox 1284 3954 1393 4044; x_wconf 76' lang='grc' dir='ltr'><em>ὠς</em></span> <span class='ocrx_word' id='word_1_207' title='bbox 1457 3956 1586 4032; x_wconf 86' lang='grc' dir='ltr'><em>καὶ</em></span> <span class='ocrx_word' id='word_1_208' title='bbox 1646 3955 1790 4032; x_wconf 87' lang='grc' dir='ltr'><em>τὸν</em></span> <span class='ocrx_word' id='word_1_209' title='bbox 1846 3952 2370 4058; x_wconf 73' lang='grc' dir='ltr'><em>Ἀναξαγόραν</em></span> <span class='ocrx_word' id='word_1_210' title='bbox 2428 3958 2626 4057; x_wconf 81' lang='grc' dir='ltr'><em>φασί</em></span> <span class='ocrx_word' id='word_1_211' title='bbox 2686 3982 2892 4043; x_wconf 86' lang='grc' dir='ltr'><em>τινες</em></span> <span class='ocrx_word' id='word_1_212' title='bbox 2941 3958 3232 4056; x_wconf 79' lang='grc' dir='ltr'><em>λέγειν,</em></span> <span class='ocrx_word' id='word_1_213' title='bbox 3295 3958 3385 4046; x_wconf 79' lang='grc' dir='ltr'><em>ἐξ</em></span> <span class='ocrx_word' id='word_1_214' title='bbox 3433 3953 3555 4034; x_wconf 76' lang='grc' dir='ltr'><em>ἀεὶ</em></span> 
     </span>
     <span class='ocr_line' id='line_1_25' title="bbox 624 4101 3550 4207; baseline 0.001 -26"><span class='ocrx_word' id='word_1_215' title='bbox 624 4106 877 4182; x_wconf 78' lang='grc' dir='ltr'><em>ὄντων</em></span> <span class='ocrx_word' id='word_1_216' title='bbox 933 4106 1067 4184; x_wconf 83' lang='grc' dir='ltr'><em>καὶ</em></span> <span class='ocrx_word' id='word_1_217' title='bbox 1128 4101 1474 4203; x_wconf 75' lang='grc' dir='ltr'><em>ἀπείρων</em></span> <span class='ocrx_word' id='word_1_218' title='bbox 1527 4102 1626 4181; x_wconf 74' lang='grc' dir='ltr'><em>τὰ</em></span> <span class='ocrx_word' id='word_1_219' title='bbox 1675 4101 2040 4204; x_wconf 71' lang='grc' dir='ltr'><em>γινόμενα</em></span> <span class='ocrx_word' id='word_1_220' title='bbox 2090 4108 2537 4205; x_wconf 72' lang='grc' dir='ltr'><em>γίγνεσθαι,</em></span> <span class='ocrx_word' id='word_1_221' title='bbox 2601 4105 2747 4183; x_wconf 76' lang='grc' dir='ltr'><em>κᾶν</em></span> <span class='ocrx_word' id='word_1_222' title='bbox 2792 4105 3048 4193; x_wconf 81' lang='grc' dir='ltr'><em>οὕτως</em></span> <span class='ocrx_word' id='word_1_223' title='bbox 3098 4103 3241 4184; x_wconf 75' lang='grc' dir='ltr'><em>οὐκ</em></span> <span class='ocrx_word' id='word_1_224' title='bbox 3289 4101 3389 4182; x_wconf 73' lang='grc' dir='ltr'><em>ἂν</em></span> <span class='ocrx_word' id='word_1_225' title='bbox 3440 4110 3550 4207; x_wconf 80' lang='grc' dir='ltr'><em>εἴη</em></span> 
     </span>
     <span class='ocr_line' id='line_1_26' title="bbox 624 4251 3554 4358; baseline -0 -26"><span class='ocrx_word' id='word_1_226' title='bbox 624 4253 832 4334; x_wconf 74' lang='grc' dir='ltr'><em>ἀΐδια</em></span> <span class='ocrx_word' id='word_1_227' title='bbox 878 4253 1178 4351; x_wconf 79' lang='grc' dir='ltr'><em>πάντα,</em></span> <span class='ocrx_word' id='word_1_228' title='bbox 1245 4251 1449 4334; x_wconf 74' lang='grc' dir='ltr'><em>ἀλλὰ</em></span> <span class='ocrx_word' id='word_1_229' title='bbox 1498 4257 1630 4334; x_wconf 86' lang='grc' dir='ltr'><em>καὶ</em></span> <span class='ocrx_word' id='word_1_230' title='bbox 1676 4254 2091 4357; x_wconf 71' lang='grc' dir='ltr'><em>γιγνόμενα</em></span> <span class='ocrx_word' id='word_1_231' title='bbox 2143 4257 2340 4334; x_wconf 76' lang='grc' dir='ltr'><em>ἄττα</em></span> <span class='ocrx_word' id='word_1_232' title='bbox 2392 4255 2553 4358; x_wconf 88' lang='grc' dir='ltr'><em>[καὶ</em></span> <span class='ocrx_word' id='word_1_233' title='bbox 2606 4252 2979 4356; x_wconf 75' lang='grc' dir='ltr'><em>γενόμενά</em></span> <span class='ocrx_word' id='word_1_234' title='bbox 3014 4253 3114 4356; x_wconf 78' lang='grc' dir='ltr'><em>τ’]</em></span> <span class='ocrx_word' id='word_1_235' title='bbox 3163 4256 3253 4345; x_wconf 79' lang='grc' dir='ltr'><em>ἐξ</em></span> <span class='ocrx_word' id='word_1_236' title='bbox 3300 4254 3554 4333; x_wconf 76' lang='grc' dir='ltr'><em>ὄντων</em></span> 
     </span>
    </p>
   </div>
   <div class='ocr_carea' id='block_1_4' title="bbox 2755 4380 2809 4455">
    <p class='ocr_par' dir='ltr' id='par_1_9' title="bbox 2755 4380 2809 4455">
     <span class='ocr_line' id='line_1_27' title="bbox 2755 4380 2809 4455; baseline 0 0"><span class='ocrx_word' id='word_1_237' title='bbox 2755 4380 2809 4455; x_wconf 81' lang='grc'>5</span> 
     </span>
    </p>
   </div>
  </div>
 </body>
</html>
