4125 5309
67 253 148 470 -'.·*=..,

30 658 33 709 --
59 435 68 444 Ι
28 9 80 400 -rsssssm-i

2198 611 2259 702 8

779 849 880 926 sit
925 849 1186 927 habita
1237 848 1479 947 hujus
1527 849 1858 940 codicis»,
1909 861 2179 927 tamen
2227 873 2490 952 neque
2524 848 2916 928 Bekkerus
2963 872 3228 951 neque
3268 849 3471 928 alius
3517 849 3695 951 quis

779 1002 1079 1104 ubique
1127 1017 1446 1080 secutus
1492 1015 1608 1079 est
1649 1003 1868 1079 hunc
1914 1001 2309 1094 codicem,
2361 1003 2500 1103 qui
2554 1001 2735 1079 licet
2784 1015 2863 1078 et
2910 1002 3078 1104 ipse
3128 1003 3381 1079 multa
3423 1002 3698 1082 vitiose

778 1159 1064 1258 scripta
1109 1157 1502 1247 exhibeat,
1554 1169 1819 1233 tamen
1866 1154 2341 1255 plerumque
2388 1166 2678 1231 rectam
2725 1155 3205 1232 emendandi
3240 1155 3445 1232 viam
3481 1180 3698 1232 com·

776 1317 1187 1382 monstrat.
1257 1305 1591 1381 Videtur
1623 1320 1888 1383 autem
1925 1304 2365 1382 Bekkerum
2397 1305 2605 1382 sicut
2638 1306 2873 1383 etiam
2918 1306 3109 1384 alios
3145 1307 3337 1383 haec
3383 1305 3694 1383 collatio

779 1479 822 1534 a
870 1453 1152 1531 Beckio
1220 1455 1490 1532 denuo
1541 1468 1718 1556 post
1771 1455 2223 1546 Olearium,
2288 1455 2424 1555 qui
2481 1478 2668 1531 cum
2719 1455 3078 1532 Fabricio
3137 1452 3369 1549 (Bibl.
3425 1457 3694 1531 Graec.

780 1608 869 1678 T.
912 1607 1014 1681 ΙΙ.
1068 1631 1144 1705 p.
1195 1608 1368 1699 159)
1439 1602 2056 1680 communicavit
2119 1602 2568 1680 varietatem
2617 1601 3016 1694 lectioniS,
3080 1615 3156 1677 et
3203 1616 3383 1703 post
3430 1602 3690 1679 Fiille-

777 1751 1159 1827 box-nium
1229 1752 1585 1831 instituta
1653 1753 1887 1855 plane
1953 1753 2309 1831 latuisse.
2436 1755 2711 1852 Itaque
2783 1751 2942 1849 j-am
3017 1754 3230 1832 locos
3302 1756 3696 1857 quosdam

780 1906 1273 2007 depravatoS,
1359 1905 2044 2005 quemadmodum
2111 1900 2554 2002 corrigendi
2629 1913 2855 1992 sunt,
2934 1900 3021 1977 in
3083 1902 3448 1980 medium
3514 1927 3693 2004 pro·

777 2052 1050 2133 feram.

978 2207 1061 2278 P.
1116 2210 1288 2279 974.
1349 2207 1440 2287 A.
1492 2212 1538 2274 2
1602 2207 1722 2283 e'd.
1790 2205 2148 2282 Bekker.:
2242 2201 2506 2281 Ἀϊὸιον
2568 2198 2771 2280 εἶναὶ
2831 2213 3104 2306 φησιν,
3178 2193 3257 2283 εἴ
3301 2209 3381 2284 τί
3443 2212 3689 2303 ἐστιν,

776 2357 984 2453 εἴπερ
1047 2352 1149 2452 μὴ
1215 2355 1632 2470 ἐνδέχεται.
1669 2357 2043 2455 γενέσθαι
2097 2352 2337 2451 μηδὲν
2392 2356 2477 2428 ἐκ
2531 2349 2896 2452 μηδενός·
2930 2357 3113 2430 .,εἴτε
3172 2352 3320 2457 γάρ
3351 2354 3692 2436 ἅπαντα
3758 2401 3765 2410 ·

774 2507 1101 2604 γέγονεν
1141 2511 1287 2583 εἴτε
1333 2503 1436 2606 μή
1452 2559 1478 2592 ,
1539 2505 1762 2583 πάντ’
1810 2505 1978 2588 άΐὸί
2027 2503 2529 2607 ἀμφοτέρως·
2582 2503 2671 2593 ἐξ
2711 2499 3034 2589 οὐδενὸς
3079 2503 3227 2606 γὰρ
3279 2503 3545 2583 αὐτῶν
3587 2505 3693 2585 ἄν

776 2657 1140 2761 γινόμενα
1159 2683 1175 2701 ·
1224 2655 1597 2736 ἁπάντων
1631 2687 1713 2737 τε
1745 2657 1893 2759 γάρ
1925 2657 2359 2758 γινομένων
2398 2650 2629 2731 οὐδὲν
2659 2649 3230 2754 προϋπάρχειν·
3280 2654 3404 2732 εἴτ’
3443 2656 3694 2735 ὄντων

777 2813 1015 2886 τινῶν
1062 2807 1182 2886 ἀεὶ·
1232 2814 1452 2908 ἕτερα
1496 2810 2022 2908 προςγὶνοιτο,
2079 2807 2329 2886 πλέον
2368 2805 2468 2886 ἄν
2506 2808 2635 2885 καὶ
2676 2811 2947 2904 μεῖζον
2993 2807 3084 2887 τὸ
3137 2812 3222 2887 ἓν
3264 2815 3691 2910 γεγονέναι·

780 2949 843 3062 ᾧ
901 2960 987 3035 δὲ
1045 2959 1293 3035 πλέον
1346 2958 1477 3035 καὶ
1546 2960 1814 3054 μεῖζον
1879 2959 2121 3035 τοῦτο
2178 2959 2553 3057 γενέσθαι
2615 2952 2714 3032 ἂν
2783 2956 2874 3045 ἐξ
2929 2952 3289 3044 οὐδενός·
3372 2962 3484 3062 τῷ
3545 2960 3696 3062 γάρ

780 3107 1134 3190 ἐλάττονι
1176 3109 1287 3187 τὸ.
1312 3111 1579 3208 πλέον,
1633 3107 1688 3210 ἢ
1739 3110 1799 3188 δ’
1856 3117 1940 3190 ἐν
1987 3112 2101 3214 τῷ
2147 3110 2571 3211 μικροτέρῳ
2617 3107 2712 3184 τὸ
2763 3108 3034 3203 μεῖζον
3079 3102 3244 3203 οὐχ
3278 3104 3695 3210 ὑπάρχειν·

776 3256 1026 3336 ἀΐδιον
1067 3260 1151 3336 δὲ
1193 3254 1287 3335 ὂν
1332 3259 1653 3360 ἄπειρον
1691 3256 1922 3355 εἶναι,
1977 3258 2098 3337 ὅτι
2143 3260 2290 3338 οὐκ
2334 3265 2507 3358 ἔχει
2550 3257 2816 3361 ἀρχὴν
2860 3255 3055 3335 ὅθεν
3108 3259 3450 3358 ἐγένετο,
3512 3264 3702 3344 ου’δὲ

774 3411 1147 3512 τελευτὴν
1199 3417 1307 3500 εἰς
1356 3409 1399 3489 ὃ
1449 3409 1856 3512 γινόμενον
1906 3411 2351 3512 ἐτελεύτησε
2401 3434 2614 3486 ποτε.
2720 3457 2725 3462 -

979 3563 1125 3637 Hic
1189 3586 1335 3662 pro
1400 3566 1610 3662 εὶίπερ
1671 3562 1774 3659 μὴ
1843 3563 2253 3659 ἐνδέχεται
2315 3559 2486 3637 cod.
2538 3560 2750 3658 LiPS.
2814 3571 3023 3634 recte
3073 3560 3700 3657 εἱςὸέχεόθαι

774 3715 1123 3815 praebet,
1190 3735 1542 3811 namque
1605 3710 1903 3787 Melissi
1972 3713 2549 3811 argumentatio
2616 3710 2873 3813 qualis
2943 3708 3185 3787 fuerit
3243 3717 3697 3814 exponitur,

773 3866 981 3945 conf.
1037 3865 1327 3943 Herod.
1379 3866 1481 3940 II.
1543 3869 1727 3937 172:
1797 3866 1863 3940 εἰ
1907 3861 2057 3964 γάρ
2110 3859 2488 3964 πρότερον
2539 3858 2738 3948 εἶναι
2783 3857 3157 3963 δημότης,
3227 3859 3394 3939 ἀλλ’
3449 3867 3534 3941 ε’ν
3582 3864 3697 3966 τῷ

772 4016 1141 4121 παρεόντι
1187 4007 1390 4095 εἶναι
1435 4010 1741 4090 αὐτέων
1786 4011 2172 4103 βασιλεύς.
2246 4018 2351 4094 ib.
2404 4021 2551 4096 ΙΙΙ.
2606 4024 2791 4091 1⁰8:
2842 4017 3160 4117 λέγουόι
3200 4016 3294 4092 ,δὲ
3344 4015 3475 4092 καὶ
3524 4012 3701 4093 τόδε

753 4167 1120 4272 Ἀράβιοι,
1204 4164 1313 4253 ὠς
1380 4164 1593 4241 πᾶσα
1662 4161 1761 4240 ἂν
1824 4168 1928 4264 γῆ
1998 4168 2439 4263 ἐπίμπλατο
2505 4168 2670 4244 τῶν
2735 4164 2989 4270 ὀφίων
3053 4127 3401 4258 τούτων,
3466 4170 3533 4245 εἰ
3588 4165 3693 4266 μὴ

768 4327 1128 4423 γίνεσθαι
1191 4315 1351 4395 κατ’
1425 4314 1720 4402 αὐτοὺς
1789 4311 1962 4393 οἷόν
2024 4344 2103 4392 τι
2159 4316 2358 4395 κατὰ
2420 4317 2749 4416 ἐχίδνας
2788 4314 3254 4417 ἠπιστάμην
3310 4317 3691 4416 γίνεσθαι.
3826 4331 3831 4336 ’
