4125 5309
1936 549 2083 640 13·

519 785 875 886 gendum
919 810 1010 862 ex
1051 785 1223 862 cod.
1269 784 1481 886 Lips.
1516 788 1603 862 ἓν
1651 785 1766 863 δὲ·
1799 785 1908 862 ὄν
1959 783 2232 883 ὅμοιον
2282 782 2483 862 εἶναι
2529 781 2812 884 πάντῃ.
2879 783 3192 862 Deinde
3241 786 3462 885 quod

517 937 911 1018 Bekkerus
935 997 940 1004 -
966 939 1214 1018 edidit
1263 940 1346 1014 εἰ,
1368 935 1518 1038 γὰρ
1571 933 1897 1035 ἀνόμοιοι
1949 938 2199 1015 πλείω
2251 934 2481 1031 ὄντα,
2535 934 2679 1014 οὐκ
2727 930 2827 1011 ἂν
2877 939 2993 1011 ἔτι
3042 938 3127 1011 ἓν
3173 939 3457 1030 θεῖναι,

516 1088 628 1164 ibi
661 1089 1196 1167 scribendum
1247 1104 1401 1167 est:
1451 1094 1517 1168 εἰ
1564 1088 1715 1191 γὰρ
1768 1088 2262 1186 ἀνόμοιον,
2329 1091 2578 1167 πλείω
2628 1089 2820 1164 ὄντα
2870 1084 3017 1165 οὐκ
3065 1082 3165 1164 ἂν
3215 1093 3330 1166 ἔτι
3376 1092 3462 1166 ἓν

519 1234 803 1334 εἶναι,
870 1252 1312 1341 utrumque
1378 1241 1829 1341 suppeditat
1894 1241 2066 1319 cod.
2127 1241 2340 1343 Lips.
2392 1240 2551 1317 nisi
2615 1241 2835 1341 quod
2898 1265 3043 1341 per
3103 1240 3456 1317 errorem

515 1388 816 1466 librarii
864 1392 951 1467 ἓν
1000 1389 1347 1481 omissit,
1412 1403 1491 1465 et
1541 1385 1741 1466 εἶναι
1791 1388 2129 1490 conjecit
2177 1388 2339 1490 jam
2409 1388 2877 1490 Sylburgius
2932 1391 3460 1492 probavitque

515 1540 848 1617 Brandis
904 1544 1219 1635 Quaest.
1273 1538 1546 1616 Eleatt.
1600 1565 1673 1640 p.
1719 1547 1888 1615 188.
1994 1543 2374 1617 Ceterum
2422 1539 2556 1615 hic
2608 1565 2935 1641 quoque
2985 1525 3472 1641 epitomator'

512 1690 826 1768 videtur
884 1690 1096 1789 justo
1161 1690 1482 1768 brevius
1545 1691 1848 1769 Melissi
1911 1690 2595 1770 ratiocinationem
2664 1689 3114 1783 tradidisse,
3180 1691 3457 1769 dolen-

516 1842 710 1919 dum
769 1855 1037 1918 autem
1091 1855 1244 1935 est,
1296 1842 1515 1943 quod
1567 1865 1673 1919 ne
1710 1841 2170 1943 Simplicius
2222 1842 2552 1943 quidem
2605 1840 3050 1937 servaverit¹
3076 1865 3200 1935 ea,
3252 1867 3459 1944 quae

513 1989 678 2067 huc
709 1992 1139 2091 pertinent:
1190 2018 1384 2070 nam
1436 1995 1692 2071 obiter
1742 1995 2137 2096 disputata
2186 2008 2417 2086 sunt,
2469 2017 2672 2095 quae
2698 1987 3104 2093 leguntur
3154 2017 3254 2069 ex
3283 1999 3455 2071 Me-

512 2144 705 2221 lisso
756 2144 973 2246 apud
1022 2145 1530 2246 Simplicium
1598 2173 1675 2248 p.
1725 2151 1863 2222 22:
1940 2150 2039 2225 Εἰ
2088 2147 2173 2225 δὲ
2222 2146 2568 2247 ἄπειρον,
2624 2151 2740 2223 ἓν·
2811 2147 2877 2222 εἰ
2918 2144 3068 2246 γὰρ
3120 2142 3262 2223 δύο
3316 2151 3458 2246 ez‘n,

515 2290 661 2371 οὐκ
719 2289 822 2370 ἂν
882 2291 1203 2371 δύναιτο
1263 2294 1545 2397 ἄπειρα
1607 2291 1837 2388 εἶναι,
1907 2293 2076 2372 ἀλλ’
2133 2302 2316 2394 ἔχοι
2366 2292 2467 2372 ἂν
2516 2302 2820 2396 πέρατα
2871 2295 3074 2397 πρὸς
3123 2295 3452 2397 ἄλληλα·

517 2443 841 2546 ἄπειρον
887 2444 974 2521 δὲ
1020 2443 1114 2521 τὸ
1162 2441 1316 2537 ἐόν,
1368 2440 1515 2521 οὐκ
1563 2441 1713 2544 ἄρα
1763 2444 2011 2520 πλείω
2060 2441 2161 2521 τὰ
2212 2439 2477 2539 ἐόντα,
2529 2446 2617 2520 ἓν
2665 2442 2816 2542 ἄρα
2865 2441 2956 2519 τὸ
3010 2443 3161 2521 ε’όν.
3236 2443 3465 2524 Ἀλλὰ-

517 2593 673 2696 μὴν
723 2598 788 2673 εἰ
834 2598 953 2689 ἓν,
1020 2595 1150 2672 καὶ
1175 2593 1607 2696 ἀκίνητον,
1673 2594 1766 2673 τὸ
1813 2594 1965 2699 γὰρ
2025 2598 2112 2674 ἓν
2162 2592 2315 2690 ἐόν,
2370 2591 2640 2690 ὅμοιον
2688 2591 2808 2671 ἀεὶ
2859 2598 3166 2698 ἑωυτῷ,
3228 2595 3322 2674 τὸ
3371 2600 3458 2676 δὲ

514 2742 784 2859 ὅμοιον
793 2806 818 2840 ,
897 2743 1058 2823 οὔτ’
1131 2741 1232 2823 ἂν
1311 2741 1690 2821 ἀπόλοιτο
1709 2789 1736 2839 ;,
1823 2740 1982 2822 οὔτ’
2054 2739 2158 2820 ἂν
2229 2744 2407 2840 μεῑζ
2408 2772 2502 2819 ον
2563 2744 2863 2843 γίνοιτο
2877 2808 2900 2841 ,
2983 2746 3166 2824 οὔτε
3236 2774 3456 2843 μετα-

513 2898 952 2996 κοσμέοιτο,
1018 2894 1176 2975 οὔτ’
1234 2892 1335 2974 ἂν
1397 2893 1672 2998 ἆλγέοι
1719 2896 1903 2975 οὔτε
1960 2869 2276 3000 ἀνιῷτο.
2370 2904 2738 2997 Namque
2788 2897 2900 2975 ibi
2951 2899 3185 3000 plane
3233 2924 3456 3001 prae-

513 3028 980 3127 termittitur
1042 3049 1618 3129 demonstratio
1682 3051 1915 3142 haec,
1975 3075 2244 3127 imum
2298 3048 2450 3126 sibi
2501 3048 2764 3127 simile
2816 3053 3042 3129 omni
3094 3079 3185 3130 ex
3235 3068 3456 3155 parte

514 3226 715 3280 esse.
828 3202 1201 3303 Denique
1265 3197 1640 3276 Melissus
1712 3200 1973 3296 docet»
2007 3198 2094 3276 id
2159 3199 2378 3299 quod
2443 3200 2595 3277 sibi
2662 3202 2925 3278 simile
2989 3203 3126 3294 sit,
3212 3204 3452 3282 etiam

511 3370 745 3434 motu
794 3382 1086 3435 carere.
1169 3356 1322 3434 Sed
1377 3355 1574 3457 quid
1623 3354 1774 3431 sibi
1834 3354 2028 3432 velit
2081 3353 2432 3456 μέτριον,
2500 3355 2627 3431 vix
2678 3378 3055 3455 exponas,
3127 3353 3451 3433 Bekkeri

513 3511 740 3592 codd.
772 3509 1140 3611 ἄμετρον,
1191 3521 1272 3585 et
1303 3507 1414 3584 sic
1452 3530 1779 3609 quoque
1812 3506 1984 3584 cod.
2010 3505 2250 3606 Lips„
2283 3506 2717 3607 legendum
2751 3503 2997 3606 igitur
3027 3502 3446 3607 ἄπειρον,

509 3682 974 3760 quanquam
1019 3658 1303 3736 nescio
1360 3680 1461 3735 an
1519 3657 1813 3734 melius
1866 3659 1975 3733 ita
2035 3654 2591 3734 conformetur
2654 3658 2921 3734 omnis
2985 3656 3118 3734 hic
3183 3656 3450 3734 locus:

477 3807 756 3889 ’ἀΐδιόν
799 3837 884 3887 τε
924 3807 1017 3886 ὂν
1063 3806 1467 3912 ἄπειρόν
1523 3835 1619 3887 τε
1672 3808 1833 3887 καὶ
1884 3814 1984 3888 ἓν
2031 3807 2163 3886 καὶ
2205 3805 2476 3905 ὅμοιον
2517 3803 2777 3905 πάντῃ
2810 3801 3185 3905 ἀκίνητον
3224 3802 3443 3883 εἶναι.

506 3964 872 4064 Namque
936 3961 1021 4039 id
1086 3963 1306 4062 quod
1368 3974 1487 4036 est
1546 3959 2021 4061 epitomator
2068 3960 2444 4037 nondum
2499 3958 2611 4035 sic
2664 3953 3133 4055 simpliciter
3182 3953 3447 4055 appel-

508 4112 694 4192 lavit
749 4111 843 4190 τὸ
903 4117 1022 4206 ἓν,
1102 4125 1340 4212 atque
1400 4109 1507 4188 ita
1573 4108 1850 4186 omnia
1915 4095 2091 4201 illa,
2178 4131 2382 4208 quae
2452 4105 2915 4228 singulatim
2981 4119 3207 4182 erant
3267 4129 3445 4206 per-

507 4273 859 4352 tractata,
906 4283 1073 4338 una
1127 4258 1941 4361 comprehenduntur.
