4125 5309
2153 599 2264 688 32

948 841 1029 912 Ρ.
1073 843 1241 908 977.
1297 839 1380 912 Β.
1418 841 1551 908 21:
1620 837 1953 934 Πρῶτον
2012 835 2154 929 μὲν
2203 823 2348 910 οὖν
2398 830 2767 928 λαμβάνει
2814 834 2944 910 καὶ
2994 825 3225 923 οὗτος
3277 834 3367 912 τὸ
3414 834 3659 936 γιγνό-

744 1014 977 1080 μενον
1036 986 1446 1083 γίγνεσθαι
1513 982 1600 1071 ἐξ
1666 981 1930 1073 ὄντος,
1999 978 2253 1081 ὥςπερ
2318 979 2362 1055 ὁ
2410 982 2829 1069 Μέλισσος.
2935 989 3216 1064 Ηαίτοι
3262 1013 3338 1063 τι
3388 985 3662 1064 κωλύει

744 1136 911 1236 μήτ’
969 1139 1055 1226 ἐξ
1106 1134 1378 1230 ὁμοίου
1432 1133 1523 1209 τὸ
1570 1129 2025 1232 γιγνόμενον
2073 1136 2467 1232 γίνεσθαι,
2524 1132 2685 1210 ἀλλ’
2744 1141 2827 1212 ἐκ
2876 1137 2979 1237 μὴ
3034 1138 3280 1224 ὄντος.

946 1295 1154 1368 Haec
1203 1310 1523 1388 quoque
1571 1287 1821 1363 oratio
1871 1312 2038 1362 non
2084 1288 2269 1363 satis
2316 1287 2619 1386 integra
2656 1301 2807 1378 est,
2862 1289 3388 1389 Xenophanes
3421 1290 3660 1366 docu-

746 1457 943 1548 erat,
998 1445 1061 1518 si
1109 1443 1301 1542 quid
1354 1452 1813 1540 generetur,
1864 1440 1947 1514 id
1991 1453 2131 1515 aut
2170 1465 2260 1515 ex
2300 1440 2542 1517 simili
2585 1455 2722 1517 aut
2766 1465 2855 1516 ex
2895 1440 3260 1517 dissimili
3307 1444 3660 1541 generari

747 1615 1065 1667 necesse
1120 1614 1326 1681 esse3
1379 1603 1760 1666 neutrum
1812 1604 2081 1667 autem
2133 1590 2302 1666 fieri
2353 1617 2618 1693 posse3
2668 1593 2819 1668 vid.
2872 1617 3108 1692 supra
3152 1603 3325 1669 c.5:
3371 1592 3659 1670 Ἀδύνα-

744 1739 883 1817 τόν
945 1750 1183 1843 φησιν
1247 1737 1443 1818 εἶναι
1508 1747 1581 1818 εἴ
1631 1745 1709 1818 τί
1768 1748 1978 1819 ἐστιν
2040 1744 2412 1842 γενέσθαι
2468 1745 2701 1819 τοῦτο
2752 1745 3004 1842 λέγων
3054 1742 3185 1819 ἐπὶ
3234 1746 3376 1819 τοῦ
3424 1748 3655 1820 θεοῦ·

744 1891 1035 1992 ἀνάγκη
1089 1891 1234 1991 γὰρ
1286 1893 1462 1989 ἤτοι
1513 1896 1601 1982 ἐξ
1651 1891 1924 1986 ὁμοίου
1986 1890 2041 1991 ἢ
2098 1894 2186 1982 ἐξ
2234 1890 2610 1987 ἀνομοίου
2662 1894 3035 1992 γενέσθαι
3079 1893 3169 1968 τὸ
3219 1893 3650 1992 γενόμενον.

743 2043 1083 2120 δυνατὸν
1144 2046 1227 2119 δὲ
1293 2041 1738 2142 οὐδέτερον·
1811 2042 2076 2142 itaque
2144 2054 2461 2140 apparet
2525 2041 2655 2116 hic
2713 2065 3034 2141 quoque
3099 2044 3655 2144 corrigendum

745 2222 946 2274 esse:
999 2200 1129 2273 καί
1173 2225 1297 2272 τοι
1344 2199 1423 2270 τί
1475 2193 1752 2270 κωλύει
1796 2192 1964 2293 μήτ’
2008 2196 2098 2284 ἐξ
2141 2192 2416 2290 ὁμοίου
2468 2193 2660 2293 μήτ’
2714 2196 2814 2284 ἐξ
2855 2194 3229 2290 ἀνομοίου
3280 2196 3370 2272 τὸ
3412 2197 3659 2297 γιγνό-

743 2378 976 2442 μενον
1053 2350 1502 2446 γίγνεσθαι,
1600 2341 1766 2419 ἀλλ’
1852 2350 1933 2419 ἐκ
2007 2343 2108 2441 μὴ
2200 2343 2465 2429 ὄντος.
2581 2343 2792 2418 Dicit
2874 2342 3093 2418 enim
3173 2344 3659 2437 AristoteleS,

744 2500 949 2576 nihil
1000 2498 1455 2599 prohibere,
1511 2496 1747 2571 etiam
1801 2495 1865 2570 si
1919 2495 1999 2569 id
2053 2494 2437 2594 largiariS,
2491 2495 2930 2594 quominus
2982 2519 3074 2570 ex
3123 2495 3380 2571 nihilo
3431 2522 3662 2596 gene-

745 2665 964 2727 retur
1030 2648 1353 2748 aliquid.
1481 2649 1727 2722 Antea
1798 2651 2063 2721 autem
2136 2646 2670 2722 restituendus
2749 2660 2866 2722 est
2932 2648 3356 2723 verborum
3427 2651 3658 2740 ordo,

749 2800 888 2899 qui
941 2801 1025 2873 in
1082 2797 1350 2873 codice
1399 2796 1607 2898 Lips.
1662 2799 1988 2898 legitur:
2051 2799 2368 2897 πρῶτον
2416 2799 2559 2892 μέν
2607 2786 2751 2873 οὖν
2801 2795 3171 2891 λαμβάνει
3218 2797 3308 2875 τὸ
3359 2800 3664 2900 γιγνό-

745 2980 1029 3046 μενον
1091 2949 1239 3024 καὶ
1311 2938 1600 3034 οὗτος
1660 2949 1771 3037 ἐξ
1831 2948 2102 3033 ὄντος
2165 2950 2692 3046 γίγνεσθαι.
2802 2951 2900 3022 Et
2941 2948 3164 3024 video
3203 2951 3433 3027 etiam
3475 2956 3658 3028 Kar·

747 3102 1095 3178 stenium
1148 3126 1221 3199 p.
1274 3106 1407 3167 111
1469 3097 1832 3173 similiter
1879 3097 2073 3172 haee
2126 3097 2571 3173 correxisse.

945 3255 1027 3325 P.
1059 3257 1229 3323 977.
1274 3255 1357 3327 Β.
1388 3257 1520 3322 50:
1574 3249 1680 3325 Τὸ
1725 3251 1808 3325 δὲ
1852 3247 2258 3348 κράτιστον
2306 3245 2503 3324 εἶναι
2541 3247 2680 3323 τὸν
2722 3247 2916 3325 θεὸν
2966 3247 3130 3346 οὐχ
3178 3248 3428 3336 οὕτως
3471 3250 3660 3328 ύπο-

748 3398 1160 3495 λαμβάνων
1206 3401 1510 3497 λέγεται
1556 3396 1665 3482 ὠς
1701 3397 1897 3493 πρὸς
1941 3398 2135 3472 ἄλλο
2175 3422 2251 3471 τι
2282 3392 2602 3493 τοιαύτη
2647 3394 2696 3494 ἦ
2734 3397 2879 3471 ,τοῦ
2912 3399 3108 3474 θεοῦ
3147 3394 3410 3498 φύσις,
3466 3397 3666 3476 ἀλλὰ

747 3549 943 3648 πρὸς
995 3550 1142 3648 τὴν
1190 3547 1434 3625 αύτοῦ
1486 3547 1854 3642 διάθεσιν,
1911 3549 2082 3626 ἐπεί
2129 3550 2340 3647 τοίγε
2402 3547 2600 3649 πρὸς
2648 3555 2913 3649 ἕτερον
2961 3547 3188 3625 οὐδὲν
3238 3548 3338 3626 ἂν
3382 3551 3662 3652 κωλύοι

746 3701 845 3799 μὴ
920 3703 1014 3801 τῇ
1086 3698 1331 3775 αὐτοῦ
1402 3703 1765 3800 ἐπιεικείᾳ
1836 3699 1966 3773 καὶ
2032 3696 2250 3798 ῥώμῃ
2312 3697 2549 3801 ύπερὲ
2552 3730 2765 3795 χειν,
2849 3699 3048 3776 ἀλλὰ
3111 3701 3234 3776 διὰ
3297 3701 3446 3799 τὴν
3507 3705 3664 3776 τῶν

747 3849 1010 3926 ἄλλων
1045 3848 1492 3928 ἀσθένειαν·
1546 3850 1774 3924 θέλοι
1813 3845 1873 3924 δ’
1913 3843 2009 3923 ἂν
2047 3846 2303 3936 οὐδεὶς
2336 3847 2545 3927 οὕτω
2585 3848 2726 3926 τὸν
2757 3848 2953 3925 θεὸν
2987 3844 3232 3950 φάναι
3261 3845 3662 3947 κράτιστον

749 3996 982 4089 εἶναι,
1052 3997 1212 4075 ἀλλ’
1287 3996 1407 4074 ὅτι
1472 3997 1711 4086 αὐτὸς
1778 4006 1948 4096 ἔχει
2019 3971 2130 4086 ὦς
2193 3996 2447 4078 οἷόντε
2500 3999 2775 4099 ἄριστα
2845 3999 2978 4076 καὶ
3041 3997 3270 4075 οὐδὲν
3338 3999 3667 4076 ἐκλείπει

747 4154 875 4227 καὶ
937 4142 1022 4230 εὖ
1087 4152 1214 4227 καὶ
1281 4151 1539 4236 καλῶς
1607 4158 1644 4228 ἔ
1642 4181 1824 4247 χειν
1886 4148 2102 4253 αὐτῷ
2126 4175 2141 4191 ·
2231 4139 2387 4246 ἅμα
2448 4151 2596 4251 γὰρ
2658 4157 2840 4237 ἴσως
2884 4158 3164 4248 ἔχοντι
3214 4147 3522 4225 κάκεῖνο
3551 4146 3665 4223 ἀν

748 4304 1104 4399 συμβαίη.
