4125 5309
2008 562 2121 651 23

590 800 834 899 idque
884 798 1180 874 iterum
1232 799 1320 872 in
1371 796 1732 897 margine
1779 795 2169 897 scriptum
2213 809 2488 887 exstat,
2539 809 2618 871 et
2654 819 2810 897 pro
2848 798 3031 873 εἴτι
3076 797 3257 890 ὅτι,
3311 801 3533 878 deni-

592 973 749 1051 que
793 947 993 1049 πρὸς
1040 944 1132 1034 τὸ
1176 943 1373 1022 αὐτὸ
1419 951 1647 1047 λέγει.
1742 949 1843 1023 Et
1874 946 2420 1047 Athenagorae
2466 945 2795 1046 quidem
2831 972 3130 1023 nomen
3176 949 3534 1026 alienum

542 1125 551 1130 ’
593 1114 708 1175 est
750 1100 843 1176 ab
890 1100 1046 1174 hoc
1084 1098 1489 1190 loco·,·sed
1525 1099 1873 1176 ostendit
1905 1099 2038 1176 ill-a
2077 1099 2243 1200 ipsa
2283 1100 2514 1176 lectio
2553 1101 2996 1199 corrigendi
3034 1102 3285 1195 viam,
3340 1129 3530 1181 nam

589 1252 712 1326 vix
765 1251 1108 1328 dubitari
1160 1263 1454 1351 potest,
1510 1249 1707 1351 quin
1762 1246 2232 1349 Anaxaqorae
2278 1274 2580 1325 nomen
2630 1249 3217 1327 restituendum
3268 1252 3402 1344 sit,
3454 1255 3539 1331 id

591 1403 808 1502 quod
861 1403 1098 1479 etiam
1139 1401 1473 1479 Beckius
1525 1401 1971 1502 suspicatus
2019 1401 2164 1476 esu
2265 1405 2517 1476 Tot-us
2564 1412 2830 1476 autem
2877 1398 3104 1474 loeus
3151 1401 3254 1477 ita
3297 1402 3539 1478 fuerit

590 1551 1253 1631 conformandus:
1300 1552 1547 1651 Ἔχον
1594 1556 1678 1630 δὲ
1727 1555 1968 1649 μέσον
2018 1552 2147 1629 καὶ
2202 1559 2544 1649 ἔσχατα,
2601 1554 2850 1652 πέρας
2891 1558 3096 1648 ἔχει,
3153 1552 3539 1655 ἀγένητον

589 1707 704 1784 ὅν.
804 1709 993 1803 Ἔτι,
1066 1712 1131 1784 εἰ
1182 1705 1293 1792 ὦς
1353 1703 1510 1781 καὶ
1574 1701 1816 1790 αὐτὸς
1882 1704 2126 1802 λέγει,
2198 1708 2284 1778 ἓν
2335 1708 2495 1779 ἐστι
2558 1703 2687 1778 καὶ
2738 1708 2975 1781 τοῦτο
3038 1707 3297 1802 σῶμα,
3368 1713 3539 1804 ἔχει

587 1859 789 1935 ἄλλα
843 1860 1132 1936 ἑαυτοῦ
1183 1858 1414 1957 μέρη,
1480 1852 1592 1930 τοὶ
1660 1855 1760 1930 δὲ
1817 1854 1964 1954 (vel
2026 1855 2332 1930 ταῦτα
2397 1852 2518 1951 δὲ)
2575 1849 2800 1948 ὅμοια
2856 1852 3152 1932 πάντα·
3206 1856 3335 1933 καὶ
3384 1858 3532 1958 γὰρ

592 2010 859 2107 ὅμοιον
909 2001 1196 2097 οὗτος
1245 2013 1456 2107 λέγει
1503 2008 1595 2082 τὸ
1648 2008 1811 2083 πᾶν
1861 2002 2093 2098 εἶναι,
2168 2004 2401 2102 οὐχὶ
2455 2003 2580 2093 ὠς
2631 2005 2912 2083 ἄλλοι
2961 2009 3252 2109 ἑτέρῳ
3305 2012 3532 2105 τινὶ,

589 2152 651 2266 ᾧ
702 2165 1233 2265 περανθεὶη
1287 2158 1422 2256 ἂν,
1476 2160 1701 2263 ὅπερ
1733 2156 2373 2260 Ἀναξαγόρας
2428 2161 2852 2258 ἐλέγχει,
2902 2157 3030 2234 ὅτι
3072 2157 3536 2256 ἀνόμοιον

585 2312 674 2387 τὸ
729 2310 1088 2413 ἄπειρον·
1159 2310 1266 2387 τὸ
1317 2309 1497 2410 γὰρ
1553 2306 1821 2404 ὅμοιον
1872 2309 2111 2408 ἑτέρῳ
2165 2304 2456 2405 ὅμοιον,
2515 2306 2712 2386 ὥστε
2760 2306 2902 2386 δύο
2954 2306 3010 2407 ἢ
3044 2314 3292 2387 πλείω
3344 2311 3536 2388 ὄντα

587 2465 731 2562 οὐκ
778 2462 896 2541 ’ἂν
960 2469 1044 2541 ἓν
1108 2461 1266 2541 οὐδ’
1334 2462 1660 2563 ἄπειρον
1725 2455 1943 2536 εἶναι.
2045 2458 2231 2537 Ἀλλ’
2301 2465 2485 2547 ἴσως
2549 2460 2641 2536 τὸ
2707 2459 2977 2556 ὅμοιον
3042 2459 3241 2562 πρὸς
3302 2459 3534 2540 αὐτὸ

586 2617 827 2712 λέγει,
895 2615 1027 2690 καὶ
1078 2624 1318 2715 φησιν
1378 2613 1642 2714 αὐτῷ
1700 2607 1971 2706 ὅμοιον
2023 2606 2223 2687 εἶναι
2283 2614 2481 2704 πᾶν,
2555 2607 2768 2699 οἷον
2829 2610 3271 2714 ὁμοιομερὲς
3324 2611 3532 2714 ὕδωρ

586 2760 678 2841 ὂν
742 2762 961 2840 ἅπαν
1022 2759 1077 2862 ἢ
1138 2765 1327 2862 γῆν
1388 2761 1443 2863 ἧ
1508 2769 1646 2840 εῑτι
1710 2763 2078 2838 τοιοῦτον
2140 2760 2356 2837 ἄλλο.
2475 2760 2743 2859 Adjeci
2799 2749 2862 2861 ᾦ
2917 2764 3345 2861 περανθείη
3397 2760 3529 2856 ἄν,

584 2939 1075 3018 quamquam
1142 2929 1483 3015 possunt
1543 2913 1736 2990 haec
1806 2914 2042 2989 etiam
2109 2913 2413 3000 abesse,
2461 2910 2620 2990 sed
2678 2914 3121 2988 necessario
3181 2914 3530 2990 scriben-

586 3066 782 3143 dum
836 3063 991 3140 suit
1040 3060 1160 3139 ὅτι
1209 3060 1578 3176 ἀνόμοιον
1626 3060 1718 3137 τὸ
1771 3061 2116 3163 ἄπειρον,
2170 3060 2323 3136 vid.
2360 3062 2866 3159 Anaxagorae
2912 3064 3528 3163 disputationem

587 3218 799 3317 apud
847 3215 1198 3317 Simplic.
1251 3217 1339 3289 in
1379 3216 1614 3314 Phys.
1657 3241 1734 3315 p.
1770 3217 1985 3290 55B:
2039 3209 2500 3313 σπερμάτων
2538 3211 2894 3313 ἀπείρων
2926 3216 3248 3312 πλῆθος
3302 3213 3533 3293 οὐδὲν

588 3363 951 3443 ἐοικότων
1003 3364 1457 3464 ἀλλήλοισιν
1477 3387 1492 3403 ·
1549 3359 1730 3439 οὐδὲ
1771 3361 1925 3462 γὰρ
1971 3365 2136 3437 τῶν
2180 3360 2446 3439 ἄλλων
2493 3360 2725 3439 οὐδὲν
2775 3370 2972 3440 ἔοικε
3008 3367 3123 3466 τῷ
3163 3367 3399 3467 ἑτέρῳ
3437 3367 3527 3443 τὸ

586 3524 884 3617 ἕτερον,
938 3519 1293 3593 τουτέων
1339 3516 1424 3592 δὲ
1465 3512 1721 3602 οὕτως
1764 3511 2125 3613 ἐχόντων
2174 3520 2260 3593 ἐν
2304 3518 2416 3618 τῷ
2467 3513 2857 3612 σύμπαντι
2893 3515 3056 3615 χρὴ
3103 3517 3399 3593 δοκέειν
3448 3525 3532 3596 ἓν

585 3672 785 3752 εἶναι
834 3673 1093 3749 πάντα
1141 3669 1553 3772 χρήματα·
1621 3686 1699 3748 et
1758 3676 1886 3748 Fr.
1937 3673 2173 3746 VIII:
2248 3670 2477 3755 Νοῦς
2526 3669 2610 3745 δὲ
2663 3671 2822 3753 πᾶς
2875 3664 3140 3763 ὅμοιός
3192 3675 3349 3746 ἑστι
3399 3670 3531 3745 καὶ

585 3825 628 3902 ὁ
666 3829 959 3923 μείζων
997 3826 1126 3901 καὶ
1173 3822 1215 3900 ὁ
1252 3819 1636 3901 ἐλάσσων·
1694 3828 1957 3922 ἕτερον
2001 3817 2084 3896 δὲ
2128 3816 2363 3895 οὐδέν
2413 3824 2620 3896 ἐστιν
2669 3815 2941 3913 ὅμοιον
2985 3815 3245 3895 οὐδενὶ
3282 3816 3524 3920 ἄλλῳ·

584 3976 745 4055 ’ἀλλ’
805 3976 998 4054 ὅτεω
1061 3980 1386 4053 πλεῖστα
1453 3947 1600 4069 ἔνι,
1664 3975 1916 4051 ταῦτα
1968 3968 2446 4070 ἐνδηλότατα
2499 3974 2585 4048 ἓν
2633 3966 2958 4048 ἕκαστόν
3012 3975 3172 4047 ἐστι
3221 3969 3350 4045 καὶ
3399 3960 3521 4069 ἦν.

584 4133 730 4209 Hic
801 4145 1070 4209 autem
1141 4129 1364 4204 locus
1432 4129 1553 4205 vel
1621 4141 2035 4229 propterea
2092 4125 2435 4202 maxime
2497 4123 3042 4200 memorabilis
3112 4136 3261 4214 est,
3325 4147 3524 4223 quo-

581 4283 802 4360 niam
867 4246 1055 4358 inde
1123 4277 1684 4377 cognoscimus
1748 4277 2296 4378 Anaxagoram
2363 4290 2636 4354 contra
2686 4273 3110 4353 Melissum
3176 4271 3525 4371 disputa·
