4125 5309
2053 591 2170 681 36

1928 703 2277 721 —

641 822 779 901 illa
840 823 1060 899 enim
1121 823 1354 902 verba
1418 823 1549 900 καὶ
1613 824 1746 903 ἐπὶ
1805 827 1951 904 τοῦ
2003 831 2366 907 ἐναντίου
2425 831 2540 933 τῷ
2598 836 2984 908 κινεῖὸθαι
3029 833 3175 908 τοῦ
3226 830 3572 933 ἠρεμεῖν,

641 972 764 1049 vel
827 973 893 1047 si
957 972 1189 1050 malis
1259 973 1390 1051 ἐπὶ
1463 976 1608 1051 τοῦ
1663 972 1973 1075 ἠρεμεῖν
2045 978 2610 1081 interpretandi
2682 1003 2915 1058 causa
2984 979 3274 1081 adjecta
3344 996 3575 1073 sunt,

641 1124 955 1227 ἠρεμεῖν
1024 1140 1103 1204 et
1168 1123 1539 1226 ἀκίνητον
1592 1121 1790 1203 εἶναι
1855 1127 2066 1205 idem
2141 1154 2310 1208 esse
2379 1130 2588 1208 dicit.
2692 1129 2970 1206 Minus
3038 1144 3245 1205 recte
3310 1145 3579 1209 autem

641 1278 1035 1356 Bekkerus
1075 1303 1167 1355 ex
1204 1279 1373 1355 cod.
1403 1278 1613 1378 LiPS.
1651 1279 1947 1379 recepit
1980 1280 2113 1357 ἐπὶ
2150 1281 2478 1381 ἐναντίῳ
2516 1281 2662 1357 τοῦ
2708 1277 3120 1380 (articulus
3155 1282 3299 1355 τοῦ
3334 1279 3578 1382 vulgo

641 1426 882 1525 deest)
951 1434 1334 1504 κινεῖσθαι
1395 1428 1510 1529 τῷ
1574 1424 1916 1527 ἠρεμεῖν,
1994 1428 2329 1529 requirit
2389 1428 2863 1529 praepositio
2915 1428 3045 1506 ἐπὶ
3092 1430 3579 1531 genitivum,

639 1580 904 1681 itaque
936 1578 1096 1679 jam
1143 1579 1500 1664 ἐναντίος
1531 1576 1887 1678 adjungit
1917 1578 2462 1688 sibiUdativum
2482 1639 2502 1671 ,
2554 1593 2633 1655 et
2662 1603 2924 1655 revera
2959 1603 3180 1655 unus
3213 1603 3304 1656 ex
3343 1579 3570 1657 Bekk.

640 1725 810 1803 cod.
864 1725 996 1804 ἐπὶ
1044 1727 1206 1802 τῶν
1256 1731 1634 1805 ἐναντίων
1684 1715 2028 1821 exhibet,
2082 1731 2367 1809 deinde
2415 1745 2684 1809 autem
2727 1755 2818 1806 ex
2866 1732 3037 1808 cod.
3081 1732 3293 1833 Lips.
3343 1737 3428 1808 αἱ
3478 1776 3572 1787 -

640 1873 1075 1977 ἀποφάσεις
1122 1920 1226 1934 —-
1277 1879 1410 1956 ἐπὶ
1459 1882 1622 1956 τῶν
1662 1883 2043 1959 ἐναντίων
2078 1883 2427 1974 restitui,
2476 1882 2722 1959 nimis
2762 1882 3149 1982 patienter
3179 1880 3577 1959 Bekkerus

639 2026 1032 2127 vulgatam
1089 2029 1561 2129 scripturam
1612 2032 1819 2108 tulit.

837 2181 950 2254 Ex
1011 2192 1354 2257 extrema
1420 2193 1640 2280 parte
1704 2178 1949 2281 hujus
2016 2181 2322 2281 capitis,
2384 2203 2627 2282 quam
2679 2180 3140 2258 Brandisius
3195 2180 3565 2258 intactam

639 2330 995 2431 reliquit,
1045 2355 1311 2405 unum
1365 2300 1713 2431 aliquem
1766 2330 2035 2408 locum
2095 2332 2529 2409 illustrabo·

837 2487 923 2559 P.
959 2490 1131 2557 978.
1184 2485 1268 2558 Β.
1305 2488 1448 2554 5⁷:
1508 2479 1668 2557 Ἔτι
1712 2484 1777 2558 εἰ
1816 2482 1947 2559 καὶ
1997 2482 2125 2559 διὰ
2177 2484 2413 2560 τοῦτο
2463 2480 2567 2583 μή
2618 2497 2937 2560 κινεῖται
2981 2478 3026 2556 ὁ
3074 2476 3263 2567 θεός
3309 2505 3396 2557 τε
3439 2480 3568 2555 καὶ

637 2634 729 2712 τὸ
781 2640 899 2729 ἓν,
970 2630 1090 2708 ὅτι
1153 2630 1254 2708 τὰ
1315 2629 1571 2706 πολλὰ
1636 2642 1956 2708 κινεῖται
2013 2634 2127 2735 τῷ
2181 2638 2289 2720 εἷς
2335 2633 2638 2734 ἄλληλα
2691 2634 2918 2727 ἱέναι,
2985 2636 3063 2710 τί
3111 2630 3389 2711 κωλύει
3438 2632 3567 2709 καὶ

636 2784 776 2861 τὸν
839 2781 1035 2860 θεὸν
1096 2788 1479 2859 κινεῖσθαι
1538 2785 1645 2868 εἰς
1711 2781 1944 2873 ἄλλος
2025 2778 2218 2858 οὖὸα
2282 2808 2359 2858 τι
2414 2780 2688 2879 μόνον,
2757 2781 2921 2860 ἀλλ’
2975 2782 3095 2860 ὅτι
3157 2780 3268 2871 εἷς
3327 2781 3570 2879 μόνος

636 2934 865 3023 θεός·
921 2939 985 3013 εἰ
1026 2935 1109 3013 δὲ
1153 2934 1284 3010 καὶ
1333 2929 1606 3027 αὐτός,
1659 2935 1738 3010 τὶ
1782 2929 2062 3011 κωλύει
2105 2936 2212 3019 εἰς
2257 2931 2560 3033 ἄλληλα
2597 2935 3079 3028 κινουμένων
3111 2935 3275 3010 τῶν
3311 2935 3569 3033 μερῶν

635 3090 780 3165 τοῦ
843 3146 859 3162 .
902 3143 918 3161 .
959 3145 975 3162 .
1038 3081 1294 3184 κύκλῳ
1350 3113 1451 3185 φε
1517 3142 1533 3157 .
1579 3141 1594 3158 .
1641 3141 1656 3157 .
1725 3079 1959 3159 θεόν’
2028 3078 2125 3159 οὐ
2174 3080 2322 3182 γὰρ
2373 3079 2467 3182 ὃή
2522 3080 2615 3157 τὸ
2664 3083 2975 3160 τοιοῦτο
3027 3089 3142 3175 ἓν,
3215 3081 3468 3183 ὥςπερ
3521 3080 3565 3157 o‘

635 3238 910 3338 Ζήνων
971 3234 1231 3312 πολλὰ
1295 3233 1493 3312 εἶναι
1558 3229 1822 3334 φύσει·
1891 3229 2134 3318 αὐτὸς
2182 3228 2331 3330 γὰρ
2384 3230 2603 3324 σῶμα
2656 3232 2862 3328 λέγει
2913 3227 3110 3308 εἶναι
3158 3230 3297 3308 τὸν
3344 3228 3563 3322 θεὸν,

638 3395 784 3469 εἴτε
832 3389 1008 3467 τόὸε
1056 3387 1149 3464 τὸ
1193 3382 1375 3482 ἀτᾶν,
1432 3391 1577 3464 εἶτε
1625 3384 1670 3462 ὅ
1717 3412 1797 3462 τι
1845 3384 2137 3484 δήποτε
2188 3382 2383 3462 αὐτὸ
2436 3385 2723 3482 λέγων·
2791 3382 3202 3481 ἀσώματος
3250 3384 3396 3485 γὰρ
3451 3380 3567 3461 ὦν

636 3545 810 3630 πῶς
877 3540 977 3620 ἂν
1048 3536 1545 3643 σφαιροειδὴς
1619 3542 1728 3636 εἴη
1798 3533 2216 3631 ἐπιμόνως,
2302 3533 2495 3610 ὅταν
2568 3533 2821 3623 οὕτως
2879 3534 3036 3613 οὔτ’
3110 3533 3211 3612 ἂν
3269 3551 3559 3614 κινοῖτο

637 3690 793 3770 οὔτ’
866 3687 965 3766 ἂν
1031 3686 1304 3789 ἠρεμοῑ
1365 3687 1724 3786 μηδαμοῦ
1783 3715 1873 3783 γε
1938 3685 2090 3776 ὦνς
2168 3684 2337 3762 ἐπεὶ
2400 3685 2508 3774 δὲ,
2548 3681 2769 3780 σῶμά
2833 3691 3022 3778 ἐστι,
3089 3687 3168 3762 τὶ
3218 3682 3319 3762 ἂν
3365 3682 3558 3763 αὐτὸ

634 3837 922 3918 κωλύοι
968 3843 1350 3916 κινεῖσθαι
1402 3835 1511 3923 ὠς
1565 3838 1688 3914 ἑλέ
1691 3842 1912 3935 χθης

833 3990 1073 4067 Plura
1123 3988 1307 4066 vitia
1372 4011 1463 4063 ex
1513 3988 1667 4064 hoc
1719 3989 1895 4065 loco
1950 3987 2240 4065 codicis
2290 3986 2499 4088 Lips.
2555 4011 2704 4087 ope
2755 3986 3080 4063 sustulit
3127 3984 3553 4076 BekkeruS,

635 4143 772 4221 sed
822 4156 1090 4220 tamen
1142 4165 1244 4218 ne
1296 4140 1405 4216 sic
1458 4140 1785 4240 quidem
1850 4140 1955 4216 ita
2006 4152 2125 4214 est
2187 4152 2687 4240 persanatus,
2753 4151 2846 4213 ut
2901 4138 3321 4214 commoda
3367 4136 3559 4239 insit

636 4291 1048 4368 sententia.
1135 4289 1494 4389 Conjicio
1547 4292 1685 4368 sed
1736 4291 2189 4370 dubitanter
2240 4291 2753 4368 scribendum
2807 4313 3015 4366 esse:
3070 4291 3263 4381 Ἔτι,
3316 4291 3383 4366 εἰ
3425 4289 3557 4365 καὶ
