4125 5309
1977 537 2090 629 35

567 799 807 871 νητον
869 767 1098 865 εἶναι,
1173 767 1377 848 ἀλλὰ
1436 769 1530 848 τὸ
1592 772 1733 866 μὲν
1790 769 2203 874 ἀπόφασιν
2260 775 2404 850 τοῦ
2455 782 2878 869 κινεῖὸθαι,
2944 774 3203 879 ὥςπερ
3252 778 3344 855 τὸ
3383 779 3497 880 μὴ

565 930 753 1019 ἴσον,
808 922 995 1025 ὅπερ
1047 922 1175 999 καὶ
1227 920 1426 1000 κατὰ
1478 923 1620 999 τοῦ
1666 919 1775 1022 ’μὴ
1832 922 2096 1018 ὄντος,
2166 930 2403 1026 εἴπερ
2440 924 2781 1028 ἀληθές,
2852 927 2944 1003 τὸ
2989 930 3077 1006 δὲ
3131 927 3504 1031 ἀκίνητον

562 1079 674 1181 τῷ
729 1084 948 1174 ἔχειν
1009 1096 1181 1158 πως
1228 1063 1378 1172 ἤδη
1434 1074 1803 1170 λέγεσθαι
1854 1069 2110 1173 ὥςπερ
2163 1071 2254 1149 τὸ
2306 1071 2575 1150 ἄνισον
2635 1075 2766 1150 καὶ
2819 1076 2950 1154 ἐπὶ
3001 1078 3113 1181 τῷ
3167 1081 3498 1180 ἐναντίῳ

561 1227 700 1303 τοῦ
746 1230 1128 1301 κινεῖσθαι
1184 1223 1294 1324 τῷ
1342 1219 1689 1322 ἠρεμεῖν,
1756 1219 1869 1310 ὡς
1918 1223 2051 1300 καὶ
2098 1223 2398 1323 σχεδὸν
2436 1232 2524 1301 βοιῖ
2568 1222 2729 1302 άπὸ
2768 1228 2911 1305 τοῦ
2947 1241 3010 1303 »ἆ
3062 1226 3502 1332 ἀποφάσεις

562 1378 692 1456 ἐπὶ
744 1377 1126 1461 ἐναντίοις
1177 1374 1560 1472 λέγονται.

759 1526 1282 1605 Scribendum
1336 1536 1453 1599 est
1492 1547 1533 1599 a
1577 1523 1972 1622 principio
2017 1521 2259 1600 πάλιν
2287 1523 2473 1623 ,περὶ
2515 1528 2660 1601 τοῦ
2710 1526 2826 1626 μὴ
2877 1524 3256 1627 ἀκίνητον
3300 1525 3502 1607 εἶναι

558 1680 660 1756 τὸ
717 1676 822 1754 ὂν
870 1674 1022 1752 καὶ
1070 1671 1176 1750 τὸ
1226 1676 1326 1749 ἓν
1377 1674 1533 1771 (hi-c
1586 1673 1806 1748 enim
1860 1673 2289 1749 verborum
2344 1673 2543 1750 ordo
2593 1678 3130 1756 restituendus
3187 1682 3497 1759 videtur

559 1857 648 1908 ex
729 1830 901 1908 cod.
970 1826 1208 1928 Lips.)
1298 1824 1447 1902 ὅτι
1520 1825 1624 1901 τὸ
1704 1824 1817 1925 μή
1905 1820 2009 1900 ὂν
2088 1822 2199 1901 οὐ
2279 1840 2634 1920 κινεῖται,
2717 1833 2900 1915 ἴσως
2971 1825 3259 1923 ὁμοίως
3327 1846 3498 1917 τοῖς

557 1986 1000 2080 ἔμπροσθεν
1062 1977 1384 2055 ἄτοπον.
1474 1976 1617 2051 ubi
1679 1977 2140 2074 negationes
2210 1977 2607 2053 addendas
2675 2002 2841 2055 esse
2905 1994 3114 2056 recte
3181 1983 3498 2062 censuit

555 2129 1058 2216 BrandisiUS,
1110 2124 1353 2224 abjeci
1401 2136 1671 2199 autem
1724 2122 2192 2221 particulam
2245 2123 2378 2199 καὶ
2414 2124 2765 2202 alienam
2822 2130 2916 2205 ab
2967 2130 3114 2207 hac
3170 2131 3493 2207 conclu-

554 2286 801 2362 sione.
888 2278 1311 2379 Sequentia
1364 2288 1632 2352 autem
1684 2275 1792 2352 ita
1845 2275 2187 2351 arbitror
2237 2277 2704 2377 corrigenda
2765 2305 2970 2357 esse:
3047 2282 3179 2359 καὶ
3231 2282 3496 2361 ἐστὶν

543 2434 730 2535 ,ἄρα
801 2461 903 2532 γε
971 2427 1079 2507 οὐ
1146 2421 1473 2519 ταύτό,
1542 2421 1587 2501 ὃ
1643 2424 1749 2502 ἄν
1809 2453 1928 2512 τις
1985 2422 2410 2520 ὑπολάβοι,
2480 2428 2570 2503 τὸ
2630 2429 2735 2528 μὴ
2789 2438 3171 2508 κινεῖσθαι
3220 2432 3351 2508 καὶ
3400 2435 3491 2511 τὸ

544 2582 925 2681 ἀκίνητον
971 2573 1206 2668 εἶναι,
1257 2573 1458 2653 ἀλλὰ
1498 2575 1591 2651 τὸ
1638 2577 1780 2672 μὲν
1819 2571 2224 2678 ἀπόφασιν
2269 2579 2414 2653 τοῦ
2462 2553 2879 2673 κινεῐῖῖθαι,
2934 2575 3189 2678 ὥςπερ
3241 2578 3333 2654 τὸ
3382 2579 3488 2682 μὴ

544 2742 749 2829 ἴσον,
818 2729 1007 2832 ὅπερ
1058 2729 1188 2806 καὶ
1239 2726 1436 2803 κατὰ
1487 2729 1630 2804 τοῦ
1681 2727 1784 2829 μὴ
1856 2727 2085 2815 ὄντος
2148 2726 2554 2829 ἀληθές,
2623 2730 2714 2806 τὸ
2763 2732 2845 2808 δὲ
2892 2728 3266 2828 ἀκίνητον
3333 2732 3491 2808 ἐπὶ

552 2888 718 2962 τοῦ
794 2890 1063 2978 ἔχειν
1125 2903 1299 2963 πως
1365 2878 1514 2980 ἤδη
1581 2881 1987 2980 λέγεσθαι,
2061 2878 2318 2981 ὥςπερ
2381 2880 2472 2956 τὸ
2529 2881 2836 2979 ἄνισον,
2904 2883 3035 2959 καὶ
3097 2883 3261 2960 ἐπὶ
3325 2886 3488 2961 τοῦ

546 3037 999 3115 ἐναντίου
1062 3034 1186 3135 τῷ
1240 3039 1730 3109 κινεῖσθαι
1792 3034 1958 3108 τοῦ
2021 3029 2442 3133 ἠρεμεῖν,
2500 3031 2613 3121 ὠς
2659 3035 2790 3110 καὶ
2845 3031 3280 3131 ὄχεὸὁναί
3327 3031 3484 3111 ἀπὸ

541 3181 691 3268 τοῦ
756 3199 809 3264 οἳ
870 3183 1306 3287 ἀποφάόεις
1361 3183 1496 3262 ἐπὶ
1565 3188 2040 3262 ἐναντίων
2107 3188 2505 3284 λέγονται.
2627 3188 2837 3262 Dicit
2901 3188 3120 3263 enim
3190 3189 3481 3263 Aristo-

544 3343 738 3419 teles
824 3365 992 3415 non
1072 3360 1243 3412 esse
1329 3336 1584 3427 idem,
1675 3337 1890 3435 quod
1972 3333 2298 3412 fortasse
2376 3338 2555 3438 quis
2640 3337 3225 3426 existimaverit,
3310 3361 3484 3412 non

545 3489 844 3565 moveri
914 3503 991 3563 et
1050 3486 1462 3562 immobile
1540 3511 1744 3577 esse,
1827 3488 1965 3563 sed
2036 3487 2238 3564 iliud
2311 3502 2629 3564 tantum
2703 3513 2868 3564 esse
2939 3488 3482 3587 negationem,

538 3640 939 3737 (infinitivi
1008 3641 1373 3738 suspensi
1444 3653 1637 3715 sunt
1698 3663 1839 3739 per
1894 3641 2444 3717 attractionem
2506 3665 2549 3718 a
2612 3642 2851 3717 verbo
2901 3639 3042 3715 illo
3094 3637 3482 3728 ὑπολάβοι

538 3792 645 3871 ἄν
699 3791 879 3886 τις),
959 3792 1222 3892 itaque
1290 3792 1524 3869 etiam
1591 3792 1693 3867 de
1760 3791 2019 3866 nihilo
2086 3793 2238 3868 dici
2305 3819 2535 3892 posse
2612 3795 2845 3893 (εἴπερ
2915 3791 3192 3892 abjeci,
3259 3793 3479 3892 quod

540 3948 854 4024 videtur
933 3959 1202 4021 ortum
1290 3969 1380 4021 ex
1459 3969 1911 4044 praegresso
1997 3941 2274 4045 ὅπερ),
2376 3946 2527 4020 hoc
2612 3968 2796 4019 vero
2880 3955 3057 4016 tum
3144 3941 3469 4016 demum

543 4111 749 4174 recte
812 4095 1218 4193 usurpari,
1287 4096 1427 4170 ubi
1492 4094 1792 4196 aliquid
1846 4093 2445 4193 quodammodo
2498 4094 2635 4184 sit,
2704 4092 2967 4192 aliqua
3018 4092 3321 4167 ratione
3375 4090 3477 4166 sit

535 4259 1131 4346 ‹compat-atum:
1218 4243 1370 4319 dici
1443 4244 1659 4319 enim
1730 4244 1826 4321 de
1897 4245 2200 4344 quiete,
2277 4269 2480 4346 quae
2548 4243 2649 4320 sit
2719 4242 3107 4320 contraria
3177 4241 3469 4317 motui:

2618 4366 2720 4441 5*
2780 4411 2784 4416 ,
