<?xml version="1.0" encoding="UTF-8"?>
<!DOCTYPE html PUBLIC "-//W3C//DTD XHTML 1.0 Transitional//EN"
    "http://www.w3.org/TR/xhtml1/DTD/xhtml1-transitional.dtd">
<html xmlns="http://www.w3.org/1999/xhtml" xml:lang="en" lang="en">
 <head>
  <title>
</title>
<meta http-equiv="Content-Type" content="text/html;charset=utf-8" />
  <meta name='ocr-system' content='tesseract 3.04.00' />
  <meta name='ocr-capabilities' content='ocr_page ocr_carea ocr_par ocr_line ocrx_word'/>
</head>
<body>
  <div class='ocr_page' id='page_1' title='image "./dearistotelisli00berggoog_0036.png"; bbox 0 0 4125 5309; ppageno 0'>
   <div class='ocr_carea' id='block_1_1' title="bbox 28 5177 50 5246">
    <p class='ocr_par' dir='ltr' id='par_1_1' title="bbox 28 5177 50 5246">
     <span class='ocr_line' id='line_1_1' title="bbox 28 5177 50 5246; textangle 90"><span class='ocrx_word' id='word_1_1' title='bbox 28 5177 50 5246; x_wconf 56' lang='lat'><strong>¹.-</strong></span> 
     </span>
    </p>
   </div>
   <div class='ocr_carea' id='block_1_2' title="bbox 1883 600 1998 690">
    <p class='ocr_par' dir='ltr' id='par_1_2' title="bbox 1883 600 1998 690">
     <span class='ocr_line' id='line_1_2' title="bbox 1883 600 1998 690; baseline 0 0"><span class='ocrx_word' id='word_1_2' title='bbox 1883 600 1998 690; x_wconf 88' lang='grc'><strong>33</strong></span> 
     </span>
    </p>
   </div>
   <div class='ocr_carea' id='block_1_3' title="bbox 1791 713 2141 730">
    <p class='ocr_par' dir='ltr' id='par_1_3' title="bbox 1791 713 2141 730">
     <span class='ocr_line' id='line_1_3' title="bbox 1791 713 2141 730; baseline 0 4579"><span class='ocrx_word' id='word_1_3' title='bbox 1791 713 2141 730; x_wconf 95' lang='lat' dir='ltr'><strong> </strong></span> 
     </span>
    </p>
   </div>
   <div class='ocr_carea' id='block_1_4' title="bbox 2070 710 2179 756">
    <p class='ocr_par' dir='ltr' id='par_1_4' title="bbox 2070 710 2179 756">
     <span class='ocr_line' id='line_1_4' title="bbox 2070 710 2179 756; baseline 0 -15"><span class='ocrx_word' id='word_1_4' title='bbox 2070 753 2075 756; x_wconf 48' lang='lat'><strong>.</strong></span> <span class='ocrx_word' id='word_1_5' title='bbox 2155 710 2179 741; x_wconf 68' lang='lat'><strong><em>⁴</em></strong></span> 
     </span>
    </p>
   </div>
   <div class='ocr_carea' id='block_1_5' title="bbox 474 833 3425 4266">
    <p class='ocr_par' dir='ltr' id='par_1_5' title="bbox 474 833 3425 4266">
     <span class='ocr_line' id='line_1_5' title="bbox 682 833 3418 936; baseline 0.001 -25"><span class='ocrx_word' id='word_1_6' title='bbox 682 834 826 911; x_wconf 92' lang='lat' dir='ltr'><strong>Hic</strong></span> <span class='ocrx_word' id='word_1_7' title='bbox 874 833 1275 913; x_wconf 87' lang='lat' dir='ltr'><strong>nonnulla</strong></span> <span class='ocrx_word' id='word_1_8' title='bbox 1322 859 1415 912; x_wconf 85' lang='lat' dir='ltr'><strong>ex</strong></span> <span class='ocrx_word' id='word_1_9' title='bbox 1465 836 1636 912; x_wconf 88' lang='lat' dir='ltr'><strong>cod.</strong></span> <span class='ocrx_word' id='word_1_10' title='bbox 1689 833 2077 936; x_wconf 89' lang='lat' dir='ltr'><strong>Lipsiensi</strong></span> <span class='ocrx_word' id='word_1_11' title='bbox 2134 833 2551 911; x_wconf 80' lang='lat' dir='ltr'><strong>emendata</strong></span> <span class='ocrx_word' id='word_1_12' title='bbox 2597 848 2821 928; x_wconf 87' lang='lat' dir='ltr'><strong>sunt,</strong></span> <span class='ocrx_word' id='word_1_13' title='bbox 2874 849 3184 936; x_wconf 82' lang='lat' dir='ltr'><strong>recepta</strong></span> <span class='ocrx_word' id='word_1_14' title='bbox 3233 834 3418 928; x_wconf 90' lang='lat' dir='ltr'><strong>alia,</strong></span> 
     </span>
     <span class='ocr_line' id='line_1_6' title="bbox 481 985 3419 1087; baseline -0.001 -23"><span class='ocrx_word' id='word_1_15' title='bbox 481 1010 702 1087; x_wconf 68' lang='lat' dir='ltr'><strong>quae,</strong></span> <span class='ocrx_word' id='word_1_16' title='bbox 753 988 1028 1064; x_wconf 84' lang='lat' dir='ltr'><strong>vitiosa</strong></span> <span class='ocrx_word' id='word_1_17' title='bbox 1100 987 1321 1079; x_wconf 87' lang='lat' dir='ltr'><strong>licet,</strong></span> <span class='ocrx_word' id='word_1_18' title='bbox 1403 989 1612 1065; x_wconf 88' lang='lat' dir='ltr'><strong>viam</strong></span> <span class='ocrx_word' id='word_1_19' title='bbox 1681 1002 1949 1065; x_wconf 83' lang='lat' dir='ltr'><strong>tamen</strong></span> <span class='ocrx_word' id='word_1_20' title='bbox 2018 985 2559 1062; x_wconf 84' lang='lat' dir='ltr'><strong>emendationi</strong></span> <span class='ocrx_word' id='word_1_21' title='bbox 2624 987 3054 1077; x_wconf 87' lang='lat' dir='ltr'><strong>muniunt,</strong></span> <span class='ocrx_word' id='word_1_22' title='bbox 3141 1009 3419 1086; x_wconf 86' lang='lat' dir='ltr'><strong>quem-</strong></span> 
     </span>
     <span class='ocr_line' id='line_1_7' title="bbox 488 1135 3421 1239; baseline 0 -25"><span class='ocrx_word' id='word_1_23' title='bbox 488 1138 924 1215; x_wconf 85' lang='lat' dir='ltr'>admodum</span> <span class='ocrx_word' id='word_1_24' title='bbox 977 1135 1404 1216; x_wconf 71' lang='grc' dir='ltr'><strong><em>ἱΙΙυᾱέπεί</em></strong></span> <span class='ocrx_word' id='word_1_25' title='bbox 1454 1141 1579 1216; x_wconf 89' lang='grc' dir='ltr'><strong>τοί</strong></span> <span class='ocrx_word' id='word_1_26' title='bbox 1621 1169 1748 1239; x_wconf 67' lang='grc' dir='ltr'><strong>γε,</strong></span> <span class='ocrx_word' id='word_1_27' title='bbox 1818 1140 2056 1238; x_wconf 83' lang='lat' dir='ltr'><strong>vulgo</strong></span> <span class='ocrx_word' id='word_1_28' title='bbox 2111 1138 2331 1214; x_wconf 87' lang='lat' dir='ltr'><strong>enim</strong></span> <span class='ocrx_word' id='word_1_29' title='bbox 2386 1137 2555 1215; x_wconf 86' lang='grc' dir='ltr'><strong><em>ἐπεὶ</em></strong></span> <span class='ocrx_word' id='word_1_30' title='bbox 2603 1139 2747 1213; x_wconf 79' lang='grc' dir='ltr'><strong>τοῦ</strong></span> <span class='ocrx_word' id='word_1_31' title='bbox 2796 1136 2944 1237; x_wconf 77' lang='grc' dir='ltr'><strong>γὰρ</strong></span> <span class='ocrx_word' id='word_1_32' title='bbox 2996 1137 3421 1236; x_wconf 80' lang='lat' dir='ltr'><strong>legebatur.</strong></span> 
     </span>
     <span class='ocr_line' id='line_1_8' title="bbox 489 1285 3422 1389; baseline 0.001 -25"><span class='ocrx_word' id='word_1_33' title='bbox 489 1289 884 1389; x_wconf 75' lang='lat' dir='ltr'>corrigas:</span> <span class='ocrx_word' id='word_1_34' title='bbox 939 1288 1049 1364; x_wconf 84' lang='grc' dir='ltr'><strong>Τὸ</strong></span> <span class='ocrx_word' id='word_1_35' title='bbox 1101 1289 1197 1365; x_wconf 72' lang='grc' dir='ltr'><strong>δὲ</strong></span> <span class='ocrx_word' id='word_1_36' title='bbox 1250 1285 1659 1388; x_wconf 79' lang='grc' dir='ltr'><em>κράτιστον</em></span> <span class='ocrx_word' id='word_1_37' title='bbox 1699 1285 1897 1364; x_wconf 76' lang='grc' dir='ltr'><strong><em>εἶναι</em></strong></span> <span class='ocrx_word' id='word_1_38' title='bbox 1934 1288 2078 1365; x_wconf 84' lang='grc' dir='ltr'><strong>τὸν</strong></span> <span class='ocrx_word' id='word_1_39' title='bbox 2113 1287 2310 1366; x_wconf 78' lang='grc' dir='ltr'><strong><em>θεὸν</em></strong></span> <span class='ocrx_word' id='word_1_40' title='bbox 2348 1286 2513 1385; x_wconf 77' lang='grc' dir='ltr'><strong>οὐχ</strong></span> <span class='ocrx_word' id='word_1_41' title='bbox 2547 1287 2802 1377; x_wconf 80' lang='grc' dir='ltr'><em>οὕτως</em></span> <span class='ocrx_word' id='word_1_42' title='bbox 2839 1289 3422 1387; x_wconf 73' lang='grc' dir='ltr'><em>ὑπολαμβάνων</em></span> 
     </span>
     <span class='ocr_line' id='line_1_9' title="bbox 484 1414 3424 1545; baseline 0.001 -28"><span class='ocrx_word' id='word_1_43' title='bbox 484 1445 771 1541; x_wconf 76' lang='grc' dir='ltr'><strong><em>λέγει,</em></strong></span> <span class='ocrx_word' id='word_1_44' title='bbox 845 1441 953 1529; x_wconf 75' lang='grc' dir='ltr'><strong>ὦς</strong></span> <span class='ocrx_word' id='word_1_45' title='bbox 1017 1441 1216 1542; x_wconf 82' lang='grc' dir='ltr'><strong>πρὸς</strong></span> <span class='ocrx_word' id='word_1_46' title='bbox 1280 1441 1474 1518; x_wconf 75' lang='grc' dir='ltr'><strong>ἄλλο</strong></span> <span class='ocrx_word' id='word_1_47' title='bbox 1540 1468 1616 1519; x_wconf 91' lang='grc' dir='ltr'><strong>τι</strong></span> <span class='ocrx_word' id='word_1_48' title='bbox 1679 1439 1998 1545; x_wconf 77' lang='grc' dir='ltr'><em>τοιαύτη</em></span> <span class='ocrx_word' id='word_1_49' title='bbox 2066 1443 2118 1543; x_wconf 80' lang='grc' dir='ltr'><em>ἦ</em></span> <span class='ocrx_word' id='word_1_50' title='bbox 2185 1447 2331 1520; x_wconf 75' lang='grc' dir='ltr'><strong>τοῦ</strong></span> <span class='ocrx_word' id='word_1_51' title='bbox 2382 1445 2580 1520; x_wconf 71' lang='grc' dir='ltr'><strong><em>θεοῦ</em></strong></span> <span class='ocrx_word' id='word_1_52' title='bbox 2632 1441 2903 1544; x_wconf 83' lang='grc' dir='ltr'><em>φύσις,</em></span> <span class='ocrx_word' id='word_1_53' title='bbox 2969 1414 3424 1545; x_wconf 33' lang='grc' dir='ltr'><strong><em>ἀλλὰοπρὸς</em></strong></span> 
     </span>
     <span class='ocr_line' id='line_1_10' title="bbox 481 1587 3419 1702; baseline 0.001 -33"><span class='ocrx_word' id='word_1_54' title='bbox 481 1590 630 1689; x_wconf 79' lang='grc' dir='ltr'><strong>τὴν</strong></span> <span class='ocrx_word' id='word_1_55' title='bbox 681 1587 924 1667; x_wconf 78' lang='grc' dir='ltr'><em>αὐτοῦ</em></span> <span class='ocrx_word' id='word_1_56' title='bbox 977 1589 1364 1669; x_wconf 70' lang='grc' dir='ltr'><strong><em>διάθεσιν·</em></strong></span> <span class='ocrx_word' id='word_1_57' title='bbox 1439 1592 1608 1670; x_wconf 84' lang='grc' dir='ltr'><strong><em>ἐπεὶ</em></strong></span> <span class='ocrx_word' id='word_1_58' title='bbox 1657 1591 1764 1669; x_wconf 84' lang='grc' dir='ltr'><strong>τό</strong></span> <span class='ocrx_word' id='word_1_59' title='bbox 1827 1625 1931 1694; x_wconf 77' lang='grc' dir='ltr'><strong><em>γε</em></strong></span> <span class='ocrx_word' id='word_1_60' title='bbox 1982 1593 2183 1694; x_wconf 82' lang='grc' dir='ltr'><strong>πρὸς</strong></span> <span class='ocrx_word' id='word_1_61' title='bbox 2235 1601 2498 1695; x_wconf 78' lang='grc' dir='ltr'><em>ἕτερον</em></span> <span class='ocrx_word' id='word_1_62' title='bbox 2547 1590 2777 1670; x_wconf 72' lang='grc' dir='ltr'><em>οὐδὲν</em></span> <span class='ocrx_word' id='word_1_63' title='bbox 2830 1590 2929 1669; x_wconf 73' lang='grc' dir='ltr'><strong>ἂν</strong></span> <span class='ocrx_word' id='word_1_64' title='bbox 2978 1591 3267 1671; x_wconf 86' lang='grc' dir='ltr'><em>κωλύοι</em></span> <span class='ocrx_word' id='word_1_65' title='bbox 3314 1594 3419 1702; x_wconf 73' lang='grc' dir='ltr'><strong>μὴ</strong></span> 
     </span>
     <span class='ocr_line' id='line_1_11' title="bbox 479 1729 3425 1849; baseline 0.003 -33"><span class='ocrx_word' id='word_1_66' title='bbox 479 1744 575 1841; x_wconf 81' lang='grc' dir='ltr'><strong>τῇ</strong></span> <span class='ocrx_word' id='word_1_67' title='bbox 628 1739 872 1818; x_wconf 78' lang='grc' dir='ltr'><em>αὐτοῦ</em></span> <span class='ocrx_word' id='word_1_68' title='bbox 926 1746 1290 1846; x_wconf 74' lang='grc' dir='ltr'><strong><em>ἐπιεικείᾳ</em></strong></span> <span class='ocrx_word' id='word_1_69' title='bbox 1341 1745 1471 1821; x_wconf 86' lang='grc' dir='ltr'><strong>καὶ</strong></span> <span class='ocrx_word' id='word_1_70' title='bbox 1517 1743 1737 1849; x_wconf 78' lang='grc' dir='ltr'><em>ῥώμῃ</em></span> <span class='ocrx_word' id='word_1_71' title='bbox 1792 1744 2250 1845; x_wconf 75' lang='grc' dir='ltr'><strong><em>ὑπερέχειν,</em></strong></span> <span class='ocrx_word' id='word_1_72' title='bbox 2320 1743 2514 1822; x_wconf 77' lang='grc' dir='ltr'><strong><em>ἀλλὰ</em></strong></span> <span class='ocrx_word' id='word_1_73' title='bbox 2572 1744 2702 1822; x_wconf 77' lang='grc' dir='ltr'><strong><em>διὰ</em></strong></span> <span class='ocrx_word' id='word_1_74' title='bbox 2749 1729 2898 1846; x_wconf 68' lang='grc' dir='ltr'><strong>τὴν</strong></span> <span class='ocrx_word' id='word_1_75' title='bbox 2946 1747 3110 1821; x_wconf 79' lang='grc' dir='ltr'><strong>τῶν</strong></span> <span class='ocrx_word' id='word_1_76' title='bbox 3161 1745 3425 1825; x_wconf 74' lang='grc' dir='ltr'><strong>ἄλλων</strong></span> 
     </span>
     <span class='ocr_line' id='line_1_12' title="bbox 474 1893 3417 2003; baseline 0.001 -30"><span class='ocrx_word' id='word_1_77' title='bbox 474 1896 929 1991; x_wconf 75' lang='grc' dir='ltr'><em>ἀσθένειαν,</em></span> <span class='ocrx_word' id='word_1_78' title='bbox 983 1900 1213 1975; x_wconf 77' lang='grc' dir='ltr'><strong><em>θέλοι</em></strong></span> <span class='ocrx_word' id='word_1_79' title='bbox 1253 1898 1315 1977; x_wconf 72' lang='grc' dir='ltr'><strong>δ’</strong></span> <span class='ocrx_word' id='word_1_80' title='bbox 1361 1897 1461 1978; x_wconf 72' lang='grc' dir='ltr'><strong>ἂν</strong></span> <span class='ocrx_word' id='word_1_81' title='bbox 1508 1898 1767 1988; x_wconf 76' lang='grc' dir='ltr'><em>οὐδεὶς</em></span> <span class='ocrx_word' id='word_1_82' title='bbox 1816 1899 2023 1979; x_wconf 69' lang='grc' dir='ltr'><em>οὕτω</em></span> <span class='ocrx_word' id='word_1_83' title='bbox 2064 1899 2211 1976; x_wconf 83' lang='grc' dir='ltr'><strong>τὸν</strong></span> <span class='ocrx_word' id='word_1_84' title='bbox 2240 1899 2440 1976; x_wconf 72' lang='grc' dir='ltr'><strong><em>θεὸν</em></strong></span> <span class='ocrx_word' id='word_1_85' title='bbox 2477 1895 2723 2003; x_wconf 80' lang='grc' dir='ltr'><strong><em>φάναι</em></strong></span> <span class='ocrx_word' id='word_1_86' title='bbox 2754 1893 3162 1997; x_wconf 80' lang='grc' dir='ltr'><em>κράτιστον</em></span> <span class='ocrx_word' id='word_1_87' title='bbox 3197 1894 3417 1991; x_wconf 78' lang='grc' dir='ltr'><strong><em>εἶναι,</em></strong></span> 
     </span>
     <span class='ocr_line' id='line_1_13' title="bbox 477 2042 3423 2154; baseline 0.002 -30"><span class='ocrx_word' id='word_1_88' title='bbox 477 2048 641 2125; x_wconf 72' lang='grc' dir='ltr'><strong><em>ἀλλ’</em></strong></span> <span class='ocrx_word' id='word_1_89' title='bbox 696 2046 817 2125; x_wconf 82' lang='grc' dir='ltr'><strong>ὅτι</strong></span> <span class='ocrx_word' id='word_1_90' title='bbox 866 2047 1109 2136; x_wconf 80' lang='grc' dir='ltr'><em>αὐτὸς</em></span> <span class='ocrx_word' id='word_1_91' title='bbox 1161 2057 1334 2148; x_wconf 77' lang='grc' dir='ltr'><strong><em>ἔχει</em></strong></span> <span class='ocrx_word' id='word_1_92' title='bbox 1386 2051 1495 2138; x_wconf 78' lang='grc' dir='ltr'><strong>ὠς</strong></span> <span class='ocrx_word' id='word_1_93' title='bbox 1547 2048 1802 2129; x_wconf 81' lang='grc' dir='ltr'><em>οἷόντε</em></span> <span class='ocrx_word' id='word_1_94' title='bbox 1853 2051 2126 2154; x_wconf 76' lang='grc' dir='ltr'><em>ἄριστα</em></span> <span class='ocrx_word' id='word_1_95' title='bbox 2174 2053 2305 2129; x_wconf 83' lang='grc' dir='ltr'><strong>καὶ</strong></span> <span class='ocrx_word' id='word_1_96' title='bbox 2356 2053 2589 2130; x_wconf 73' lang='grc' dir='ltr'><em>οὐδὲν</em></span> <span class='ocrx_word' id='word_1_97' title='bbox 2656 2053 3088 2129; x_wconf 73' lang='grc' dir='ltr'><strong>ἐλλείπει</strong></span> <span class='ocrx_word' id='word_1_98' title='bbox 3153 2052 3284 2127; x_wconf 84' lang='grc' dir='ltr'><strong>καὶ</strong></span> <span class='ocrx_word' id='word_1_99' title='bbox 3335 2042 3423 2130; x_wconf 76' lang='grc' dir='ltr'><strong><em>εὖ</em></strong></span> 
     </span>
     <span class='ocr_line' id='line_1_14' title="bbox 480 2195 3424 2301; baseline 0.001 -26"><span class='ocrx_word' id='word_1_100' title='bbox 480 2200 611 2275; x_wconf 82' lang='grc' dir='ltr'><strong>καί</strong></span> <span class='ocrx_word' id='word_1_101' title='bbox 680 2201 941 2286; x_wconf 78' lang='grc' dir='ltr'><em>καλῶς</em></span> <span class='ocrx_word' id='word_1_102' title='bbox 1024 2207 1243 2297; x_wconf 72' lang='grc' dir='ltr'><strong><em>ἔχειν</em></strong></span> <span class='ocrx_word' id='word_1_103' title='bbox 1327 2195 1659 2275; x_wconf 75' lang='grc' dir='ltr'><em>αὐτόν·</em></span> <span class='ocrx_word' id='word_1_104' title='bbox 1746 2196 1989 2275; x_wconf 76' lang='grc' dir='ltr'><strong><em>ἀλλὰ</em></strong></span> <span class='ocrx_word' id='word_1_105' title='bbox 2069 2199 2242 2301; x_wconf 78' lang='grc' dir='ltr'><strong>γὰρ</strong></span> <span class='ocrx_word' id='word_1_106' title='bbox 2323 2205 2505 2287; x_wconf 83' lang='grc' dir='ltr'><em>ἴσως</em></span> <span class='ocrx_word' id='word_1_107' title='bbox 2587 2206 2860 2296; x_wconf 78' lang='grc' dir='ltr'><em>ἔχοντι</em></span> <span class='ocrx_word' id='word_1_108' title='bbox 2940 2198 3244 2279; x_wconf 75' lang='grc' dir='ltr'><em>κάκεῖνο</em></span> <span class='ocrx_word' id='word_1_109' title='bbox 3324 2199 3424 2278; x_wconf 75' lang='grc' dir='ltr'><strong>ἂν</strong></span> 
     </span>
     <span class='ocr_line' id='line_1_15' title="bbox 482 2347 3419 2450; baseline -0.001 -21"><span class='ocrx_word' id='word_1_110' title='bbox 482 2354 1018 2448; x_wconf 91' lang='grc' dir='ltr'><em>συμβαίνοι.</em></span> <span class='ocrx_word' id='word_1_111' title='bbox 1107 2349 1262 2428; x_wconf 85' lang='lat' dir='ltr'><strong>Ubi</strong></span> <span class='ocrx_word' id='word_1_112' title='bbox 1318 2347 1537 2446; x_wconf 91' lang='lat' dir='ltr'><strong>quod</strong></span> <span class='ocrx_word' id='word_1_113' title='bbox 1589 2347 1883 2422; x_wconf 86' lang='lat' dir='ltr'><strong>correxi</strong></span> <span class='ocrx_word' id='word_1_114' title='bbox 1939 2349 2023 2425; x_wconf 76' lang='grc' dir='ltr'><strong>δὲ</strong></span> <span class='ocrx_word' id='word_1_115' title='bbox 2075 2363 2153 2424; x_wconf 87' lang='lat' dir='ltr'><strong>et</strong></span> <span class='ocrx_word' id='word_1_116' title='bbox 2202 2349 2413 2446; x_wconf 77' lang='grc' dir='ltr'><strong><em>λέγει</em></strong></span> <span class='ocrx_word' id='word_1_117' title='bbox 2452 2349 2895 2424; x_wconf 85' lang='lat' dir='ltr'><strong>necessario</strong></span> <span class='ocrx_word' id='word_1_118' title='bbox 2948 2351 3419 2450; x_wconf 85' lang='lat' dir='ltr'><strong>requiritur,</strong></span> 
     </span>
     <span class='ocr_line' id='line_1_16' title="bbox 488 2497 3421 2603; baseline 0 -24"><span class='ocrx_word' id='word_1_119' title='bbox 488 2503 774 2580; x_wconf 87' lang='lat' dir='ltr'><strong>deinde</strong></span> <span class='ocrx_word' id='word_1_120' title='bbox 829 2503 1103 2602; x_wconf 87' lang='lat' dir='ltr'><strong>scripsi</strong></span> <span class='ocrx_word' id='word_1_121' title='bbox 1154 2498 1380 2598; x_wconf 77' lang='grc' dir='ltr'><strong><em>τόγε</em></strong></span> <span class='ocrx_word' id='word_1_122' title='bbox 1430 2497 1630 2599; x_wconf 80' lang='grc' dir='ltr'><strong>πρὸς</strong></span> <span class='ocrx_word' id='word_1_123' title='bbox 1680 2504 1974 2600; x_wconf 77' lang='grc' dir='ltr'><em>ἕτερον,</em></span> <span class='ocrx_word' id='word_1_124' title='bbox 2029 2502 2173 2577; x_wconf 90' lang='lat' dir='ltr'><strong>ubi</strong></span> <span class='ocrx_word' id='word_1_125' title='bbox 2225 2502 2751 2601; x_wconf 84' lang='lat' dir='ltr'><strong>repetendum</strong></span> <span class='ocrx_word' id='word_1_126' title='bbox 2805 2526 2895 2576; x_wconf 89' lang='lat' dir='ltr'><strong>ex</strong></span> <span class='ocrx_word' id='word_1_127' title='bbox 2946 2503 3421 2603; x_wconf 83' lang='lat' dir='ltr'><strong>praegressis</strong></span> 
     </span>
     <span class='ocr_line' id='line_1_17' title="bbox 485 2648 3420 2757; baseline 0.002 -30"><span class='ocrx_word' id='word_1_128' title='bbox 485 2650 857 2751; x_wconf 81' lang='grc' dir='ltr'><em>τοιαύτην</em></span> <span class='ocrx_word' id='word_1_129' title='bbox 919 2655 1063 2729; x_wconf 75' lang='grc' dir='ltr'><strong>τοῦ</strong></span> <span class='ocrx_word' id='word_1_130' title='bbox 1128 2654 1327 2728; x_wconf 73' lang='grc' dir='ltr'><strong><em>θεοῦ</em></strong></span> <span class='ocrx_word' id='word_1_131' title='bbox 1402 2648 1600 2729; x_wconf 79' lang='grc' dir='ltr'><strong><em>εἶναι</em></strong></span> <span class='ocrx_word' id='word_1_132' title='bbox 1671 2648 1943 2755; x_wconf 81' lang='grc' dir='ltr'><em>φύσιν,</em></span> <span class='ocrx_word' id='word_1_133' title='bbox 2039 2656 2377 2731; x_wconf 74' lang='grc' dir='ltr'><strong><em>ἐλλείπει</em></strong></span> <span class='ocrx_word' id='word_1_134' title='bbox 2460 2668 2727 2731; x_wconf 85' lang='lat' dir='ltr'><strong>autem</strong></span> <span class='ocrx_word' id='word_1_135' title='bbox 2799 2679 2890 2730; x_wconf 85' lang='lat' dir='ltr'><strong>ex</strong></span> <span class='ocrx_word' id='word_1_136' title='bbox 2968 2659 3137 2734; x_wconf 90' lang='lat' dir='ltr'><strong>cod.</strong></span> <span class='ocrx_word' id='word_1_137' title='bbox 3207 2660 3420 2757; x_wconf 88' lang='lat' dir='ltr'><strong>Lips.</strong></span> 
     </span>
     <span class='ocr_line' id='line_1_18' title="bbox 487 2800 3422 2904; baseline 0.003 -30"><span class='ocrx_word' id='word_1_138' title='bbox 487 2801 791 2876; x_wconf 85' lang='lat' dir='ltr'><strong>restitui</strong></span> <span class='ocrx_word' id='word_1_139' title='bbox 859 2814 935 2876; x_wconf 87' lang='lat' dir='ltr'><strong>et</strong></span> <span class='ocrx_word' id='word_1_140' title='bbox 997 2801 1283 2879; x_wconf 85' lang='lat' dir='ltr'><strong>deinde</strong></span> <span class='ocrx_word' id='word_1_141' title='bbox 1345 2800 1593 2877; x_wconf 82' lang='grc' dir='ltr'><em>αὐτὸν</em></span> <span class='ocrx_word' id='word_1_142' title='bbox 1655 2803 1989 2894; x_wconf 89' lang='lat' dir='ltr'><strong>correxi,</strong></span> <span class='ocrx_word' id='word_1_143' title='bbox 2050 2829 2145 2879; x_wconf 88' lang='lat' dir='ltr'><strong>ex</strong></span> <span class='ocrx_word' id='word_1_144' title='bbox 2219 2804 2661 2904; x_wconf 86' lang='lat' dir='ltr'><strong>eodemque</strong></span> <span class='ocrx_word' id='word_1_145' title='bbox 2729 2808 3141 2901; x_wconf 79' lang='grc' dir='ltr'><em>συμβαίνοι</em></span> <span class='ocrx_word' id='word_1_146' title='bbox 3204 2831 3422 2883; x_wconf 84' lang='lat' dir='ltr'><strong>revo-</strong></span> 
     </span>
     <span class='ocr_line' id='line_1_19' title="bbox 489 2952 3423 3054; baseline 0 -26"><span class='ocrx_word' id='word_1_147' title='bbox 489 2953 685 3043; x_wconf 86' lang='lat' dir='ltr'><strong>cavi,</strong></span> <span class='ocrx_word' id='word_1_148' title='bbox 763 2953 981 3053; x_wconf 86' lang='lat' dir='ltr'><strong>quod</strong></span> <span class='ocrx_word' id='word_1_149' title='bbox 1039 2952 1409 3030; x_wconf 84' lang='lat' dir='ltr'><strong>firmatur</strong></span> <span class='ocrx_word' id='word_1_150' title='bbox 1470 2954 1774 3054; x_wconf 78' lang='lat' dir='ltr'><strong>aliquot</strong></span> <span class='ocrx_word' id='word_1_151' title='bbox 1844 2953 2075 3031; x_wconf 84' lang='lat' dir='ltr'><strong>codd.</strong></span> <span class='ocrx_word' id='word_1_152' title='bbox 2144 2955 2354 3054; x_wconf 88' lang='lat' dir='ltr'><strong>apud</strong></span> <span class='ocrx_word' id='word_1_153' title='bbox 2416 2953 2859 3030; x_wconf 90' lang='lat' dir='ltr'><strong>Bekkerum</strong></span> <span class='ocrx_word' id='word_1_154' title='bbox 2925 2954 3423 3043; x_wconf 81' lang='lat' dir='ltr'><strong>auctoritate,</strong></span> 
     </span>
     <span class='ocr_line' id='line_1_20' title="bbox 486 3102 3422 3204; baseline 0 -27"><span class='ocrx_word' id='word_1_155' title='bbox 486 3105 627 3204; x_wconf 87' lang='lat' dir='ltr'><strong>qui</strong></span> <span class='ocrx_word' id='word_1_156' title='bbox 711 3107 1113 3201; x_wconf 84' lang='grc' dir='ltr'><em>συμβαίνει</em></span> <span class='ocrx_word' id='word_1_157' title='bbox 1206 3105 1606 3180; x_wconf 87' lang='lat' dir='ltr'><strong>exhibent.</strong></span> <span class='ocrx_word' id='word_1_158' title='bbox 1745 3105 2205 3182; x_wconf 89' lang='lat' dir='ltr'><strong>Necessario</strong></span> <span class='ocrx_word' id='word_1_159' title='bbox 2305 3103 2573 3180; x_wconf 85' lang='lat' dir='ltr'><strong>autem</strong></span> <span class='ocrx_word' id='word_1_160' title='bbox 2662 3104 2815 3180; x_wconf 81' lang='lat' dir='ltr'><strong>fuit</strong></span> <span class='ocrx_word' id='word_1_161' title='bbox 2906 3102 3422 3178; x_wconf 86' lang='lat' dir='ltr'><strong>scribendum</strong></span> 
     </span>
     <span class='ocr_line' id='line_1_21' title="bbox 490 3252 3422 3358; baseline -0.002 -27"><span class='ocrx_word' id='word_1_162' title='bbox 490 3252 738 3331; x_wconf 79' lang='grc' dir='ltr'><strong><em>ἀλλὰ</em></strong></span> <span class='ocrx_word' id='word_1_163' title='bbox 827 3255 1009 3356; x_wconf 77' lang='grc' dir='ltr'><strong>γὰρ</strong></span> <span class='ocrx_word' id='word_1_164' title='bbox 1096 3260 1278 3342; x_wconf 86' lang='grc' dir='ltr'><em>ἴσως</em></span> <span class='ocrx_word' id='word_1_165' title='bbox 1354 3263 1661 3353; x_wconf 75' lang='grc' dir='ltr'><em>ἔχοντι,</em></span> <span class='ocrx_word' id='word_1_166' title='bbox 1749 3283 2103 3358; x_wconf 88' lang='lat' dir='ltr'><strong>quorum</strong></span> <span class='ocrx_word' id='word_1_167' title='bbox 2182 3258 2611 3332; x_wconf 85' lang='lat' dir='ltr'><strong>verborum</strong></span> <span class='ocrx_word' id='word_1_168' title='bbox 2693 3254 3168 3331; x_wconf 85' lang='lat' dir='ltr'><strong>sententiam</strong></span> <span class='ocrx_word' id='word_1_169' title='bbox 3251 3277 3422 3328; x_wconf 89' lang='lat' dir='ltr'><strong>non</strong></span> 
     </span>
     <span class='ocr_line' id='line_1_22' title="bbox 488 3409 3420 3511; baseline -0 -28"><span class='ocrx_word' id='word_1_170' title='bbox 488 3410 875 3508; x_wconf 82' lang='lat' dir='ltr'><strong>perspexit</strong></span> <span class='ocrx_word' id='word_1_171' title='bbox 929 3410 1386 3484; x_wconf 85' lang='lat' dir='ltr'><strong>Karstenius</strong></span> <span class='ocrx_word' id='word_1_172' title='bbox 1438 3435 1512 3510; x_wconf 89' lang='lat' dir='ltr'><strong>p.</strong></span> <span class='ocrx_word' id='word_1_173' title='bbox 1568 3417 1747 3497; x_wconf 82' lang='lat'><strong>116,</strong></span> <span class='ocrx_word' id='word_1_174' title='bbox 1801 3410 1941 3509; x_wconf 90' lang='lat' dir='ltr'><strong>qui</strong></span> <span class='ocrx_word' id='word_1_175' title='bbox 1995 3409 2153 3506; x_wconf 82' lang='grc' dir='ltr'><strong>ἅμα</strong></span> <span class='ocrx_word' id='word_1_176' title='bbox 2200 3411 2351 3511; x_wconf 77' lang='grc' dir='ltr'><strong>γὰρ</strong></span> <span class='ocrx_word' id='word_1_177' title='bbox 2403 3416 2585 3497; x_wconf 83' lang='grc' dir='ltr'><em>ἴσως</em></span> <span class='ocrx_word' id='word_1_178' title='bbox 2638 3409 2847 3486; x_wconf 72' lang='grc' dir='ltr'><em>τοῦτ’</em></span> <span class='ocrx_word' id='word_1_179' title='bbox 2905 3415 3180 3506; x_wconf 77' lang='grc' dir='ltr'><em>ἔχοντι</em></span> <span class='ocrx_word' id='word_1_180' title='bbox 3231 3432 3420 3483; x_wconf 87' lang='lat' dir='ltr'><strong>con-</strong></span> 
     </span>
     <span class='ocr_line' id='line_1_23' title="bbox 486 3559 3425 3664; baseline -0.002 -26"><span class='ocrx_word' id='word_1_181' title='bbox 486 3561 697 3660; x_wconf 86' lang='lat' dir='ltr'><strong>jecit,</strong></span> <span class='ocrx_word' id='word_1_182' title='bbox 765 3563 1224 3638; x_wconf 86' lang='lat' dir='ltr'><strong>Brandisius</strong></span> <span class='ocrx_word' id='word_1_183' title='bbox 1292 3575 1560 3638; x_wconf 85' lang='lat' dir='ltr'><strong>autem</strong></span> <span class='ocrx_word' id='word_1_184' title='bbox 1623 3588 1697 3663; x_wconf 91' lang='lat' dir='ltr'><strong>p.</strong></span> <span class='ocrx_word' id='word_1_185' title='bbox 1746 3571 1838 3633; x_wconf 89' lang='grc'><strong>77</strong></span> <span class='ocrx_word' id='word_1_186' title='bbox 1901 3561 2136 3664; x_wconf 81' lang='lat' dir='ltr'><strong>plane</strong></span> <span class='ocrx_word' id='word_1_187' title='bbox 2191 3585 2357 3635; x_wconf 88' lang='lat' dir='ltr'><strong>non</strong></span> <span class='ocrx_word' id='word_1_188' title='bbox 2410 3560 2818 3659; x_wconf 86' lang='lat' dir='ltr'><strong>expedivit.</strong></span> <span class='ocrx_word' id='word_1_189' title='bbox 2918 3559 3018 3633; x_wconf 87' lang='lat' dir='ltr'><strong>At</strong></span> <span class='ocrx_word' id='word_1_190' title='bbox 3068 3582 3252 3634; x_wconf 82' lang='lat' dir='ltr'><strong>vero</strong></span> <span class='ocrx_word' id='word_1_191' title='bbox 3305 3569 3425 3633; x_wconf 90' lang='lat' dir='ltr'><strong>est</strong></span> 
     </span>
     <span class='ocr_line' id='line_1_24' title="bbox 487 3709 3420 3814; baseline -0.002 -24"><span class='ocrx_word' id='word_1_192' title='bbox 487 3714 921 3790; x_wconf 88' lang='lat' dir='ltr'><strong>Aristotelis</strong></span> <span class='ocrx_word' id='word_1_193' title='bbox 989 3715 1566 3814; x_wconf 83' lang='lat' dir='ltr'><strong>argumentatio</strong></span> <span class='ocrx_word' id='word_1_194' title='bbox 1633 3715 1861 3804; x_wconf 84' lang='lat' dir='ltr'><strong>haec,</strong></span> <span class='ocrx_word' id='word_1_195' title='bbox 1944 3716 2211 3789; x_wconf 89' lang='lat' dir='ltr'><strong>Deum</strong></span> <span class='ocrx_word' id='word_1_196' title='bbox 2281 3734 2467 3786; x_wconf 89' lang='lat' dir='ltr'><strong>sane</strong></span> <span class='ocrx_word' id='word_1_197' title='bbox 2537 3710 3187 3811; x_wconf 80' lang='lat' dir='ltr'><strong>potentissimum</strong></span> <span class='ocrx_word' id='word_1_198' title='bbox 3268 3709 3420 3785; x_wconf 89' lang='lat' dir='ltr'><strong>dici</strong></span> 
     </span>
     <span class='ocr_line' id='line_1_25' title="bbox 486 3859 3419 3962; baseline -0.003 -21"><span class='ocrx_word' id='word_1_199' title='bbox 486 3890 655 3941; x_wconf 89' lang='lat' dir='ltr'><strong>non</strong></span> <span class='ocrx_word' id='word_1_200' title='bbox 705 3866 845 3957; x_wconf 86' lang='lat' dir='ltr'><strong>ita,</strong></span> <span class='ocrx_word' id='word_1_201' title='bbox 906 3879 999 3940; x_wconf 87' lang='lat' dir='ltr'><strong>ut</strong></span> <span class='ocrx_word' id='word_1_202' title='bbox 1049 3890 1238 3940; x_wconf 89' lang='lat' dir='ltr'><strong>cum</strong></span> <span class='ocrx_word' id='word_1_203' title='bbox 1290 3863 1459 3939; x_wconf 88' lang='lat' dir='ltr'><strong>aliis</strong></span> <span class='ocrx_word' id='word_1_204' title='bbox 1512 3875 2045 3962; x_wconf 86' lang='lat' dir='ltr'><strong>comparetur,</strong></span> <span class='ocrx_word' id='word_1_205' title='bbox 2089 3860 2238 3935; x_wconf 80' lang='lat' dir='ltr'><strong>&#39;sed</strong></span> <span class='ocrx_word' id='word_1_206' title='bbox 2289 3860 2395 3933; x_wconf 84' lang='lat' dir='ltr'><strong>ita</strong></span> <span class='ocrx_word' id='word_1_207' title='bbox 2447 3871 2539 3933; x_wconf 81' lang='lat' dir='ltr'><strong>ut</strong></span> <span class='ocrx_word' id='word_1_208' title='bbox 2592 3859 2690 3934; x_wconf 91' lang='lat' dir='ltr'><strong>ad</strong></span> <span class='ocrx_word' id='word_1_209' title='bbox 2742 3859 2994 3958; x_wconf 88' lang='lat' dir='ltr'><strong>ipsius</strong></span> <span class='ocrx_word' id='word_1_210' title='bbox 3051 3871 3419 3935; x_wconf 85' lang='lat' dir='ltr'><strong>naturam</strong></span> 
     </span>
     <span class='ocr_line' id='line_1_26' title="bbox 486 4011 3418 4118; baseline -0.002 -24"><span class='ocrx_word' id='word_1_211' title='bbox 486 4017 917 4110; x_wconf 83' lang='lat' dir='ltr'><strong>referatur,</strong></span> <span class='ocrx_word' id='word_1_212' title='bbox 1018 4019 1310 4118; x_wconf 88' lang='lat' dir='ltr'><strong>quippe</strong></span> <span class='ocrx_word' id='word_1_213' title='bbox 1387 4017 1515 4091; x_wconf 88' lang='lat' dir='ltr'><strong>cui</strong></span> <span class='ocrx_word' id='word_1_214' title='bbox 1597 4016 1804 4091; x_wconf 80' lang='lat' dir='ltr'><strong>nihil</strong></span> <span class='ocrx_word' id='word_1_215' title='bbox 1888 4015 2093 4092; x_wconf 85' lang='lat' dir='ltr'><strong>desit</strong></span> <span class='ocrx_word' id='word_1_216' title='bbox 2168 4013 2266 4089; x_wconf 90' lang='lat' dir='ltr'><strong>ad</strong></span> <span class='ocrx_word' id='word_1_217' title='bbox 2351 4013 2737 4112; x_wconf 79' lang='lat' dir='ltr'><strong>optimam</strong></span> <span class='ocrx_word' id='word_1_218' title='bbox 2821 4011 3418 4101; x_wconf 84' lang='lat' dir='ltr'><strong>conditionem3</strong></span> 
     </span>
     <span class='ocr_line' id='line_1_27' title="bbox 489 4151 3418 4266; baseline -0.002 -23"><span class='ocrx_word' id='word_1_219' title='bbox 489 4167 692 4244; x_wconf 92' lang='lat' dir='ltr'><strong>illud</strong></span> <span class='ocrx_word' id='word_1_220' title='bbox 757 4181 1022 4243; x_wconf 88' lang='lat' dir='ltr'><strong>autem</strong></span> <span class='ocrx_word' id='word_1_221' title='bbox 1088 4167 1325 4250; x_wconf 84' lang='lat' dir='ltr'><strong>etiam</strong></span> <span class='ocrx_word' id='word_1_222' title='bbox 1388 4180 1565 4242; x_wconf 85' lang='lat' dir='ltr'><strong>tum</strong></span> <span class='ocrx_word' id='word_1_223' title='bbox 1632 4166 1804 4242; x_wconf 88' lang='lat' dir='ltr'><strong>fieri</strong></span> <span class='ocrx_word' id='word_1_224' title='bbox 1855 4190 2126 4266; x_wconf 88' lang='lat' dir='ltr'><strong>posse,</strong></span> <span class='ocrx_word' id='word_1_225' title='bbox 2196 4165 2261 4239; x_wconf 92' lang='lat' dir='ltr'><strong>si</strong></span> <span class='ocrx_word' id='word_1_226' title='bbox 2326 4179 2635 4265; x_wconf 82' lang='lat' dir='ltr'><strong>praeter</strong></span> <span class='ocrx_word' id='word_1_227' title='bbox 2689 4169 2954 4240; x_wconf 90' lang='lat' dir='ltr'><strong>Deum</strong></span> <span class='ocrx_word' id='word_1_228' title='bbox 3017 4164 3150 4240; x_wconf 88' lang='lat' dir='ltr'><strong>alii</strong></span> <span class='ocrx_word' id='word_1_229' title='bbox 3211 4151 3418 4255; x_wconf 80' lang='lat' dir='ltr'><strong>sint,</strong></span> 
     </span>
    </p>
   </div>
   <div class='ocr_carea' id='block_1_6' title="bbox 488 4309 3419 4515">
    <p class='ocr_par' dir='ltr' id='par_1_6' title="bbox 488 4309 3419 4515">
     <span class='ocr_line' id='line_1_28' title="bbox 488 4309 3419 4417; baseline -0 -26"><span class='ocrx_word' id='word_1_230' title='bbox 488 4316 782 4416; x_wconf 86' lang='lat' dir='ltr'><strong>quibus</strong></span> <span class='ocrx_word' id='word_1_231' title='bbox 860 4341 1104 4417; x_wconf 88' lang='lat' dir='ltr'><strong>aeque</strong></span> <span class='ocrx_word' id='word_1_232' title='bbox 1179 4318 1381 4394; x_wconf 88' lang='lat' dir='ltr'><strong>bene</strong></span> <span class='ocrx_word' id='word_1_233' title='bbox 1455 4319 1591 4409; x_wconf 83' lang='lat' dir='ltr'><strong>sit,</strong></span> <span class='ocrx_word' id='word_1_234' title='bbox 1674 4317 2019 4396; x_wconf 85' lang='lat' dir='ltr'><strong>aliorum</strong></span> <span class='ocrx_word' id='word_1_235' title='bbox 2096 4309 2457 4393; x_wconf 85' lang='lat' dir='ltr'><strong>felicitate</strong></span> <span class='ocrx_word' id='word_1_236' title='bbox 2534 4342 2703 4394; x_wconf 87' lang='lat' dir='ltr'><strong>non</strong></span> <span class='ocrx_word' id='word_1_237' title='bbox 2785 4316 2954 4393; x_wconf 84' lang='lat' dir='ltr'><strong>tolli</strong></span> <span class='ocrx_word' id='word_1_238' title='bbox 3025 4315 3170 4391; x_wconf 91' lang='lat' dir='ltr'><strong>Dei</strong></span> <span class='ocrx_word' id='word_1_239' title='bbox 3250 4311 3419 4390; x_wconf 86' lang='lat' dir='ltr'><strong>feli-</strong></span> 
     </span>
     <span class='ocr_line' id='line_1_29' title="bbox 2574 4440 2625 4515; baseline 0 0"><span class='ocrx_word' id='word_1_240' title='bbox 2574 4440 2625 4515; x_wconf 83' lang='lat'>5</span> 
     </span>
    </p>
   </div>
  </div>
 </body>
</html>
