4125 5309
2134 528 2243 616 14

909 763 1062 841 Sed
1104 760 1424 839 omissis
1460 760 1597 850 iis,
1647 784 1852 862 quae
1903 762 1993 839 in
2025 761 2181 840 hoc
2230 762 2482 863 capite
2525 762 3169 840 emendationem
3204 762 3651 863 requirunt,

708 915 995 993 accedo
1051 914 1152 991 ad
1219 926 1457 1014 caput
1509 909 1889 1004 alterum,
1959 914 2048 988 in
2101 938 2266 1014 quo
2312 910 2770 990 Aristoteles
2828 910 3126 990 Melissi
3187 924 3656 1013 argumenta

707 1062 1066 1142 refellere
1115 1064 1488 1165 suscipit3
1539 1087 1632 1140 ex
1680 1062 2056 1164 plurimis
2105 1076 2377 1141 autem
2428 1059 2666 1149 locis,
2720 1060 2863 1160 qui
2915 1064 3251 1162 graviter
3298 1063 3657 1163 corrupti

710 1229 935 1307 sunt,
991 1215 1302 1317 aliquos
1354 1215 1665 1317 eligam.

911 1372 998 1444 P.
1041 1373 1217 1443 975.
1257 1366 1348 1442 A.
1374 1373 1509 1440 56:
1553 1367 1711 1442 Ἐτι
1759 1368 1825 1441 εἰ
1872 1363 2003 1440 καὶ
2054 1361 2179 1440 ὅτι
2218 1358 2550 1460 μάλιστα
2599 1358 2795 1461 μήτε
2828 1354 2922 1437 τὸ
2959 1357 3064 1460 μή
3104 1353 3200 1435 ὂν
3248 1359 3659 1455 ἐνδέχεται

708 1499 1084 1621 γενέσθαι
1143 1515 1340 1618 μήτε
1402 1515 1850 1597 ἀπολέσθαι
1904 1515 1998 1593 τὸ
2048 1515 2156 1615 μὴ
2210 1510 2327 1608 ὂν,
2394 1511 2606 1610 ὅμως
2651 1516 2731 1593 τί
2780 1508 3064 1591 κωλύει
3108 1511 3210 1588 τά
3256 1512 3401 1607 μὲν
3446 1508 3657 1611 γενό·

711 1701 904 1767 μενα
955 1668 1224 1747 αὐτῶν
1273 1665 1493 1763 εἶναι,
1541 1667 1642 1746 τά
1692 1666 1754 1746 δ’
1809 1666 2018 1746 ἀΐδια
2032 1727 2054 1759 ,
2120 1666 2233 1756 ὠς
2282 1669 2413 1746 καὶ
2458 1667 2980 1768 Ἐμπεδοκλῆς
3030 1668 3274 1766 λέγει;
3342 1662 3659 1742 ἅπαντα

711 1821 863 1924 γὰρ
922 1818 1278 1909 κάκεῖνος
1336 1820 1588 1899 ταύτά
1654 1817 2187 1921 ὁμολογήσας,
2256 1819 2302 1900 ὅ
2362 1849 2441 1899 τι
2504 1829 2588 1901 ἔκ
2647 1850 2733 1900 τε
2790 1821 2894 1923 μή
2956 1818 3190 1906 ὄντος
3237 1813 3661 1915 ἀμήχανόν

717 1978 880 2051 ἐστι
935 1972 1340 2071 γενέσθαι,
1403 1968 1498 2048 ‘co'
1544 1999 1630 2050 τε
1680 1969 1776 2049 ὂν
1827 1969 2311 2062 ἐξόλλυσθαι
2358 1969 2805 2073 ἀνήνυστον
2850 1972 2982 2050 καὶ
3031 1970 3437 2071 ἄπρηκτον
3449 2028 3475 2065 ,
3537 1965 3660 2045 ἀεὶ

714 2120 865 2223 γὰρ
909 2116 1336 2219 θήσεσθαι,
1393 2118 1550 2220 ὅπῃ
1591 2121 1676 2196 κέ
1721 2149 1843 2208 τις
1877 2122 2048 2199 αἰὲν
2090 2121 2364 2222 &pe-2621,
2419 2118 2630 2216 ὅμως
2665 2123 2831 2198 τῶν
2859 2122 3115 2198 ὄντων
3135 2118 3238 2196 τὰ
3276 2119 3421 2214 μὲν
3450 2116 3659 2198 ἀΐδια

720 2266 923 2349 εἶναὶ
972 2279 1198 2373 φησι,
1262 2275 1421 2371 πῦρ
1483 2271 1615 2347 καὶ
1674 2269 1886 2372 ὕδωρ
1948 2269 2082 2348 καὶ
2118 2273 2275 2372 γῆν
2314 2269 2447 2347 καὶ
2496 2268 2726 2372 ἀέρα,
2775 2271 2876 2351 τὰ
2924 2270 2989 2352 0'
3044 2271 3247 2350 ἄλλα
3295 2271 3662 2371 γίνεσθαί

718 2445 805 2497 τε
852 2419 983 2495 καὶ
1031 2420 1438 2517 γεγονέναι
1487 2427 1574 2498 ἐκ
1621 2419 1945 2500 τούτων.

923 2571 1071 2648 Hic
1129 2597 1220 2648 ex
1273 2572 1443 2648 cod.
1503 2576 1708 2676 Lips.
1767 2577 2145 2678 pleraque
2193 2575 2355 2676 jam
2410 2577 2767 2654 restituta
2818 2586 3011 2651 sunt
3057 2596 3101 2651 a
3148 2568 3531 2659 Bekkero,
3584 2580 3663 2644 at

724 2736 1159 2821 supersunt
1218 2724 1368 2802 alia
1428 2725 1651 2802 vitia:
1724 2749 1915 2803 nam
1980 2727 2248 2827 inepte
2307 2727 2405 2805 de
2461 2726 2696 2803 nihili
2762 2726 3097 2802 interitu
3141 2716 3661 2820 Empedocles

726 2877 1173 2952 consentire
1220 2878 1548 2969 dicitur,
1600 2878 1741 2978 qui
1786 2879 2123 2971 dixerat,
2176 2902 2443 2978 neque
2489 2903 2580 2954 ex
2636 2875 2893 2953 nihilo
2935 2872 3374 2975 quidquam
3428 2890 3663 2968 gene-

725 3026 923 3118 rari,
996 3051 1263 3129 neque
1317 3052 1448 3120 ea,
1514 3052 1719 3129 quae
1774 3029 1971 3121 sint,
2037 3031 2431 3132 exstingui
2494 3053 2813 3131 posse.·
2878 3031 3158 3126 Itaque
3218 3017 3665 3098 necessario

728 3176 1278 3256 scribendum:
1353 3174 1548 3279 μήτε
1606 3179 1700 3256 τὸ
1748 3179 1852 3280 μὴ
1905 3177 2001 3257 ὂν
2053 3186 2465 3282 ἐνδέχεται
2511 3180 2916 3283 γενέσθαι,
2979 3174 3172 3278 μήτε
3219 3174 3671 3253 ἀπολέσθαι

726 3327 831 3405 τὸ
881 3325 1009 3405 ὅν.
1067 3330 1308 3431 idque
1340 3332 1612 3432 ipsum
1647 3333 2199 3435 Spaldingium
2236 3307 2663 3436 conjecisse
2698 3334 2889 3412 dicit
2916 3328 3272 3408 Beckius.
3356 3321 3670 3402 Deinde

728 3481 994 3558 inanis
1038 3482 1469 3559 verborum
1515 3487 1738 3588 copia
1787 3503 1906 3566 est
1938 3489 2192 3569 ταύτὰ
2235 3488 2764 3588 ὁμολογήσας,
2818 3482 3379 3585 corrigendum
3421 3493 3541 3558 est
3580 3500 3671 3556 ex

733 3632 903 3708 cod.
956 3632 1210 3732 Lips.:
1289 3629 1606 3711 ἅπαντα
1666 3636 1815 3739 γὰρ
1880 3635 2237 3725 κάκεῖνος
2297 3640 2598 3715 ταῦτα
2659 3632 3182 3734 ὁμολογήσας·
3262 3644 3500 3731 atque
3564 3629 3669 3703 ita

732 3779 1058 3857 Bekkeri
1105 3786 1244 3858 Va.
1346 3785 1659 3862 Deinde
1696 3787 1913 3864 idem
1950 3791 2194 3867 codex
2229 3789 2547 3865 exhibet
2589 3793 2673 3866 ἐκ
2702 3787 2848 3863 τοῦ
2882 3781 2989 3883 μή
3025 3786 3293 3873 ὄντος,
3348 3776 3672 3855 fortasse
3718 3868 3723 3872 ,

732 3933 977 4034 igitur
1026 3932 1559 4010 scribendam:
1614 3941 1709 4013 ἔκ
1753 3962 1848 4014 τε
1897 3941 2070 4017 τοῦ
2118 3941 2225 4043 μή
2279 3941 2547 4034 ὄντος,
2600 3962 2954 4040 namque
2998 3932 3452 4012 Aristoteles
3503 3957 3673 4007 non

739 4088 950 4188 ipsos
1018 4085 1521 4186 Empedoclis
1592 4113 1868 4167 versus
1942 4092 2295 4194 integros
2372 4092 2774 4182 adhibuit,
2858 4090 2997 4167 sed
3074 4112 3264 4164 suae
3334 4083 3671 4161 orationi

740 4236 1402 4327 accommodavit,
1465 4237 1572 4313 ita
1633 4249 1934 4330 tamen,
1998 4253 2093 4315 ut
2143 4244 2346 4342 quae
2397 4237 3278 4342 Empedocles.propria
3328 4235 3674 4336 quadam
