4125 5309
1872 601 1987 691 29

469 838 574 938 μὴ
635 835 1049 936 γενόμενον
1107 837 1250 915 οὐκ
1311 843 1515 935 ἔχει·
1587 834 1751 913 εἶτα
1813 837 1943 913 καὶ
2006 837 2241 912 τοῦτο
2306 835 2637 928 ἄτοπον)
2705 835 2796 913 τὸ
2845 836 3142 924 παντὸς
3194 834 3388 915 εἶναι

471 988 737 1090 ἀρχὴν
771 988 1255 1090 πράγματος,
1308 987 1439 1063 καὶ
1484 986 1587 1087 μή
1637 989 1781 1063 τοῦ
1823 983 2157 1086 χρόνου,
2212 985 2343 1062 καὶ
2372 988 2746 1085 γενέσεως
2782 987 2885 1087 μὴ
2928 989 3071 1088 τῆς
3104 987 3384 1088 ἁπλῆς,

473 1141 671 1217 ἀλλὰ
704 1138 1211 1232 ἀλλοιώσεως,
1263 1136 1518 1237 ὥςπερ
1554 1134 1705 1213 οὐκ
1730 1131 2034 1236 ἀθρόοις
2068 1137 2491 1236 γενομένης
2522 1138 2976 1238 μεταβολῆς.
3046 1140 3388 1215 Maxime

472 1305 734 1369 autem
786 1292 949 1367 huc
999 1291 1342 1391 pertinet
1390 1289 1641 1388 ipsius
1695 1287 1997 1366 Melissi
2062 1286 2285 1362 locus
2338 1288 2550 1387 apud
2601 1287 2950 1388 simplic,
3003 1289 3096 1365 de
3148 1290 3390 1365 Coelo

471 1446 557 1518 F.
607 1450 773 1518 15⁷.
838 1443 948 1520 A:
1004 1466 1244 1542 quem
1315 1442 1703 1542 quoniam
1755 1454 2190 1539 ¹corruptus
2244 1454 2397 1532 est,
2462 1466 2552 1517 ex
2600 1455 2814 1542 parte
2869 1440 3391 1541 subjungam:

474 1594 655 1669 Νὗν
695 1594 777 1670 δέ
827 1622 1080 1693 φαμεν
1124 1588 1388 1690 ὀρθῶς
1413 1588 1620 1690 ’ὁρᾶν
1655 1589 1786 1664 καὶ
1832 1586 2140 1668 ἀκούειν
2184 1591 2314 1667 καὶ
2339 1593 2738 1685 ιόυνιέναι,
2785 1596 3044 1669 ,δοκέει
3079 1595 3162 1669 δὲ
3207 1591 3397 1692 ἡμῖν

470 1745 564 1820 τί
589 1772 673 1821 τε
706 1744 999 1844 θερμὸν
1027 1763 1150 1833 mv
1152 1742 1360 1842 χρὸν
1388 1744 1747 1841 γίνεόθαι
1776 1741 1906 1816 καὶ
1941 1739 2030 1815 τὸ
2062 1737 2395 1840 ψυχρὸν
2425 1737 2739 1840 θερμόν,
2776 1742 2906 1818 καὶ
2937 1743 3028 1818 τὸ
3062 1743 3391 1844 σκληρὸν

441 1896 879 1994 ,μαλθακὸν
927 1895 1056 1971 καὶ
1115 1892 1208 1969 τὸ
1255 1890 1666 1984 μαλθακὸν
1715 1887 2048 1989 ὄκληρὸν
2110 1889 2239 1963 καὶ
2285 1888 2378 1964 τὸ
2431 1889 2638 1977 ζωὸν
2686 1889 3215 1993 ἀποθνήσκειν
3261 1895 3391 1971 καὶ

475 2050 556 2122 ἐκ
603 2045 705 2145 μὴ
764 2045 1062 2131 ζῶντος
1109 2045 1499 2142 γὶνεόθαι,
1554 2039 1682 2115 καὶ
1732 2041 1981 2115 ταῦτα
2031 2035 2290 2116 πάντα
2339 2042 2871 2140 ἑτεροιοῦόθοιι
2915 2042 3044 2118 καὶ
3090 2040 3134 2118 ὅ
3173 2069 3250 2118 τι
3289 2033 3390 2142 ἦν

472 2220 570 2273 τε·
604 2194 733 2271 καὶ
785 2189 829 2269 ὂ
865 2196 1012 2270 νῦν
1056 2194 1326 2294 (ἐότὶν)
1373 2189 1602 2268 οὐδὲν
1646 2187 1917 2287 ὁμοῖον
1969 2188 2200 2267 εἶναι·
2256 2189 2418 2267 ἀλλ’
2477 2190 2518 2268 ὅ
2567 2221 2650 2269 τε
2701 2195 3014 2295 σίδηρος
3065 2195 3390 2295 σκληρὸς

477 2341 627 2419 ἐών
687 2343 799 2444 τῷ
868 2339 1222 2442 δακτύλῳ
1289 2345 1887 2443 κατατρίβεᾶθαι
1947 2344 2143 2440 ὁμοῦ
2193 2347 2396 2446 ῥέων
2446 2345 2575 2421 καὶ
2622 2346 2928 2446 χρυσὸς
2978 2349 3106 2424 καὶ
3157 2350 3390 2435 λίθος

474 2498 602 2573 καὶ
662 2498 855 2574 ἄλλο
906 2496 960 2573 ἃ
1002 2523 1079 2572 τι
1133 2497 1464 2598 ἰσχυρὸν
1514 2497 1761 2573 δοκέει
1810 2493 2006 2572 εἶναι
2055 2499 2235 2573 πᾶν.
2342 2498 2674 2575 Disserit
2736 2498 2953 2588 enim
3018 2499 3388 2575 Melissus

475 2648 570 2725 de
605 2648 1045 2723 mutatione
1081 2672 1384 2739 rerum,
1415 2671 1615 2749 quae
1651 2648 1800 2723 sub
1833 2670 2112 2723 sensus
2149 2647 2463 2738 cadunt,
2500 2649 2789 2747 quibus
2820 2648 3061 2726 fidem
3094 2652 3386 2727 haben-

477 2800 659 2877 dam
727 2823 893 2875 esse
959 2811 1230 2899 negat,
1296 2798 1681 2898 quoniam
1746 2797 2199 2895 saepissime
2262 2798 2346 2873 in
2414 2801 2900 2876 contrarium
2955 2816 3258 2878 vertant
3315 2818 3391 2878 et

476 2956 708 3032 aliam
768 2979 860 3030 ex
929 2954 1077 3029 alia
1140 2953 1481 3029 induant
1521 2951 1916 3052 speciem,
1983 2950 2224 3050 idque
2295 2951 2669 3050 exemplis
2731 2951 3104 3043 illustrat,
3178 2956 3393 3030 velut

476 3109 695 3209 quod
747 3109 846 3186 de
902 3105 1114 3183 ferro.
1170 3107 1395 3198 dixit,
1464 3106 1682 3205 quod
1741 3105 2098 3182 videatur
2150 3104 2445 3180 durum
2508 3128 2708 3196 esse,
2785 3105 2923 3180 sed
2983 3129 3169 3180 cum
3230 3132 3390 3181 usu

477 3240 960 3346 conteratur,
1030 3255 1266 3330 etiam
1313 3252 1575 3329 ‘molle
1640 3253 1772 3345 sit3
1850 3267 1927 3329 at
1973 3277 2160 3328 vero
2221 3250 2415 3349 ὁμοῦ
2463 3255 2666 3353 ῥέων
2714 3252 2946 3350 plane
2996 3255 3387 3332 absonum

476 3421 624 3496 est,
678 3407 898 3483 ocius
952 3406 1290 3505 corrigas
1344 3401 1872 3505 ὁμουρέων,
1926 3403 2083 3478 hoc
2128 3402 2344 3477 enim
2398 3402 2621 3492 dicit,
2673 3398 2974 3509 ferrum
3028 3404 3091 3478 si
3145 3404 3386 3505 digito

475 3561 829 3636 vicinum
898 3559 1029 3647 sit,
1110 3555 1448 3644 conteri,
1526 3554 1992 3655 videturque
2063 3552 2437 3629 Melissus
2509 3552 2661 3627 hoc
2729 3549 3084 3649 exemplo
3153 3579 3386 3645 usus,

473 3713 766 3806 ferreos
809 3710 1316 3810 potissimum
1354 3708 1731 3799 annulos,
1784 3730 2137 3807 quorum
2175 3701 2543 3801 frequens
2582 3701 2794 3800 apud
2835 3712 3127 3775 veteres
3166 3728 3398 3792 usus,

473 3867 944 3967 respexisse3
1014 3860 1369 3939 conferas
1426 3861 1653 3938 Ovid.
1705 3860 1867 3934 Art.
1916 3858 2094 3933 Am.
2148 3859 2211 3932 Ι.
2264 3861 2449 3927 475:

966 4017 1302 4088 Ferreus
1353 4008 1671 4086 assiduo
1709 4005 2231 4083 *consumitur
2272 3999 2631 4080 annulus
2684 4024 2863 4075 usn.

429 4219 432 4224 -
480 4167 631 4245 Sed
681 4165 988 4265 gravius
1043 4163 1277 4238 etiam
1330 4174 1696 4260 corrupta
1748 4173 1975 4248 sunt,
2028 4181 2230 4257 quae
2269 4151 2907 4252 subjunguntur:
2972 4150 3166 4230 ὥστε
3209 4164 3386 4251 συμ-

477 4317 723 4405 βαίνει
782 4311 970 4412 μήτε
1027 4310 1221 4412 ὁρᾶν
1283 4307 1475 4409 μήτε
1538 4309 1633 4386 τὰ
1699 4306 1924 4386 ἐόντα
1972 4301 2409 4405 γινώσκειν,
2484 4301 2573 4390 ἐξ
2634 4298 2921 4388 ὕδατός
2981 4327 3065 4377 τε
3109 4305 3211 4402 γῇ
3259 4305 3386 4380 καὶ
