4125 5309
2072 569 2187 661 38

680 807 824 883 τοῦ
874 807 1211 904 συνεχές
1261 832 1345 882 τε
1399 802 1595 883 εἶναι
1654 808 1784 884 καὶ
1843 805 2314 908 ἀδιαίρετον,
2384 811 2468 885 ἓν
2514 803 2712 885 εἶναι
2763 806 2856 883 τὸ
2905 806 3000 883 ὅν
3048 804 3590 903 κατεσκεύαζε,

681 961 934 1058 λέγων
984 961 1094 1046 ὡς
1145 966 1210 1037 εἰ
1256 969 1685 1061 διαιρεῖται,
1741 956 1921 1035 οὐδὲ
1972 964 2185 1035 ἔσται
2231 956 2563 1059 ἀκριβῶς
2602 961 2691 1036 ἓν
2742 957 2869 1036 διὰ
2913 957 3063 1058 τὴν
3110 956 3224 1036 ἐπ’
3275 957 3598 1059 ἄπειρον

677 1109 927 1211 τομὴν
973 1113 1137 1187 τῶν
1187 1110 1582 1208 σωμάτων.
1672 1111 1887 1188 Adde
1940 1110 2292 1212 Simplic.
2343 1111 2430 1185 in
2482 1109 2713 1210 Phys.
2766 1136 2841 1210 p.
2883 1116 3020 1182 50:
3076 1107 3234 1184 Ηαὶ
3284 1103 3326 1182 ό
3384 1109 3594 1202 Θεμί-

679 1272 890 1352 ὅτιος
952 1266 1034 1342 δὲ
1099 1264 1238 1342 τὸν
1293 1263 1655 1365 Ζήνωνος
1716 1259 1954 1362 λόγον
2015 1268 2102 1341 ἓν
2151 1259 2348 1340 εἶναι
2407 1261 2498 1339 τό
2562 1259 2656 1339 ὃν
2705 1258 3305 1349 κατασκευάζειν
3355 1260 3597 1362 φησὶν

681 1416 764 1491 ἐκ
828 1400 970 1490 τοῦ
1034 1416 1367 1513 συνεχὲς
1430 1411 1520 1489 τὸ
1586 1411 1780 1491 αὐτὸ
1847 1407 2044 1490 εἶναι
2102 1412 2232 1488 καὶ
2294 1408 2765 1512 ἀδιαίρετον·
2850 1413 2914 1486 εἰ
2976 1408 3124 1510 γὰρ
3187 1417 3590 1509 ὃιαιροῐτο,

680 1565 955 1663 φησὶν,
1029 1560 1258 1640 οὐδὲν
1324 1570 1538 1641 ἔσται
1601 1561 1932 1665 ἀκριβῶς
1996 1569 2083 1642 ἓν
2147 1561 2274 1640 διὰ
2336 1562 2484 1662 τὴν
2547 1559 2662 1639 ἐπ”
2730 1559 3053 1661 ἄπειρον
3123 1558 3373 1662 τομὴν
3432 1561 3597 1635 τῶν

680 1707 1073 1808 σωμάτων.
1115 1749 1123 1758 ·
1165 1717 1410 1789 Porm
1445 1702 1677 1800 οὗτος
1712 1714 1984 1815 scripsi
2019 1739 2165 1813 pro
2198 1712 2473 1810 αὐτὸς,
2530 1715 2826 1793 etenim
2861 1713 2960 1792 ad
2994 1712 3592 1813 Xenophanem,

680 1863 777 1940 de
838 1889 1000 1964 quo
1065 1864 1220 1965 agit
1267 1864 1753 1958 AristoteleS,
1815 1863 2189 1958 refertur,
2255 1882 2332 1944 et
2397 1868 2697 1969 ubique
2748 1866 2940 1943 haec
2989 1864 3593 1965 perturbantur,

679 2012 1357 2111 quemadmodum
1422 2039 1658 2115 supra
1722 2043 1865 2116 pro
1922 2022 1991 2096 εἰ
2045 2019 2128 2094 δὲ
2179 2017 2307 2094 καὶ
2359 2016 2529 2117 (μὴ)
2582 2013 2824 2102 αὐτὸς
2873 2015 3043 2092 cod.
3096 2014 3307 2113 Lips.
3360 2000 3597 2097 οὗτος

680 2162 1023 2250 exhibet,
1092 2189 1578 2266 quamquam
1643 2166 1880 2242 etiam
1945 2164 2186 2253 αὐτὸς
2250 2163 2434 2241 ferri
2500 2178 2775 2265 potest.
2874 2162 3185 2239 Deinde
3248 2161 3593 2237 dubitari

677 2316 994 2416 nequit,
1048 2319 1246 2416 quin
1299 2343 1443 2418 pro
1496 2313 1914 2414 ἐπιμόνως·
1980 2316 2174 2395 ὅταν
2225 2331 2430 2394 recte
2478 2317 2962 2394 restituerim
3015 2315 3227 2394 ἐπεὶ
3291 2310 3595 2410 μόνως

676 2460 742 2560 γ’
808 2459 949 2559 ἂν,
1020 2465 1591 2566 confirmatque
1654 2469 1823 2545 cod.
1874 2469 2083 2570 Lips.
2134 2469 2289 2545 nisi
2354 2470 2573 2569 quod
2633 2470 3014 2570 scriptum
3080 2481 3197 2543 est
3258 2466 3369 2541 ibi
3425 2465 3595 2543 ἐπεὶ

676 2609 932 2707 μόνως
980 2614 1040 2691 τ’
1079 2612 1197 2693 ἄν.
1307 2618 1458 2697 Sed
1508 2619 1810 2695 etiamsi
1865 2620 2030 2719 ipsa
2081 2620 2312 2697 verba
2363 2632 2568 2696 recte
2621 2617 2920 2695 fuerint
2968 2619 3366 2709 restituta,
3419 2644 3591 2694 non

680 2777 944 2841 tamen
1010 2769 1539 2845 concludendi
1604 2772 1800 2847 ratio
1862 2772 2046 2847 satis
2112 2785 2315 2848 recte
2380 2771 2765 2873 procedit,
2838 2795 3079 2871 quam
3145 2770 3209 2845 si
3274 2767 3593 2868 culpam

678 2916 1030 2995 nolueris
1105 2919 1191 2993 in
1260 2921 1718 3021 scriptorem
1782 2920 2024 3021 hujus
2089 2920 2331 2997 libelli
2400 2917 2854 3010 transferre,
2926 2920 3032 2997 ita
3091 2931 3331 2994 erunt
3401 2918 3595 2994 haec

682 3070 1299 3168 transponenda:
1370 3069 1779 3166 ἀσώματος
1837 3070 1985 3175 γὰρ
2050 3069 2187 3168 ὢν,
2249 3073 2427 3159 πῶς
2483 3068 2587 3148 ἂν
2648 3071 3143 3173 ὄφαιροειὸἡς
3204 3076 3354 3171 εἴη;
3427 3069 3597 3148 ἐπεὶ

680 3223 761 3297 δὲ
812 3219 1031 3316 σῶμα
1077 3228 1272 3314 ἐστι,
1317 3226 1397 3300 τί
1442 3220 1543 3300 ἂν
1578 3222 1820 3303 αὐτὸν
1856 3225 2144 3304 κωλύοι
2174 3234 2558 3305 κινεῖσθαι
2591 3226 2699 3314 ὠς
2734 3229 3039 3324 ἐλέχθη
3062 3248 3079 3265 ·
3135 3223 3302 3302 ἐπεὶ
3335 3220 3594 3318 μόνως

676 3367 743 3469 γ’
788 3367 886 3446 ἂν
936 3368 1186 3459 οὕτως
1236 3371 1392 3451 οὔτ’
1447 3370 1548 3450 ἂν
1593 3391 1882 3453 κινοῖτο
1935 3374 2092 3455 οὔτ’
2139 3372 2240 3452 ἂν
2288 3374 2590 3476 ἦρεμοῖ,
2696 3374 2999 3477 ηὸαμοῦ
3047 3403 3136 3472 γε
3189 3371 3323 3449 ὢν.

880 3522 1029 3598 Sed
1096 3536 1253 3601 tam
1319 3525 1658 3625 reliqua,
1725 3553 1923 3627 quae
1988 3529 2074 3603 in
2128 3530 2252 3606 his
2315 3530 2698 3631 capitibus
2749 3527 3279 3630 praetermisi,
3348 3547 3595 3641 quam.

682 3697 882 3774 quae
932 3677 1533 3778 subsequuntur
1575 3680 1669 3756 de
1711 3681 2039 3780 Gorgiae
2082 3682 2476 3774 doctrina,
2534 3705 2893 3783 quaeque
2930 3681 3026 3757 de
3061 3676 3305 3779 hujus
3343 3676 3589 3753 libelli

682 3841 998 3904 auctore
1052 3827 1501 3909 disserenda
1553 3848 1776 3925 sunt,
1832 3834 1987 3910 alio
2040 3849 2394 3937 tempore
2448 3836 2935 3913 examinabo,

1665 4119 2547 4172 ψ
