4125 5309
1885 602 1997 693 37

479 838 605 914 διὰ
653 838 887 915 τοῦτο
938 837 1042 937 μή
1097 847 1416 912 κινεῖται
1464 832 1509 911 ὁ
1544 833 1732 923 θεὸς
1780 861 1865 913 τε
1917 836 2046 912 καὶ
2097 834 2188 911 τὸ
2239 835 2421 927 πᾶν,
2474 832 2593 911 ὅτι
2633 834 2734 912 τὰ
2776 832 3033 914 πολλὰ
3079 851 3396 915 κινεῖται

477 989 588 1090 τῷ
661 991 767 1076 εἰς
827 989 1126 1088 ἄλληλα
1196 988 1427 1081 ἱέναι,
1493 987 1572 1062 τί
1632 984 1909 1062 κωλύει
1964 985 2096 1062 καὶ
2145 985 2287 1062 τὸν
2339 984 2532 1062 θεὸν
2577 995 2960 1066 κινεῖσθαι
3005 992 3112 1076 εἰς
3161 990 3395 1085 ἄλλω

478 1137 913 1235 οὐδαμῶς
974 1170 1111 1239 γε,
1184 1135 1330 1216 ὅτι
1396 1135 1888 1234 ἀνόμοιος,
1958 1135 2123 1214 ἀλλ’
2163 1135 2284 1213 ὅτι
2329 1134 2440 1225 εἷς
2478 1134 2714 1234 μόνος
2752 1134 2976 1226 θεός·
3031 1143 3095 1217 εἰ
3137 1141 3221 1217 δὲ
3265 1141 3395 1217 καὶ

473 1290 586 1390 μὴ
640 1288 915 1386 αὐτὸς,
976 1294 1057 1368 τὶ
1099 1286 1380 1367 κωλύει
1430 1293 1537 1375 εἰς
1586 1289 1887 1389 ἄλληλα
1938 1291 2419 1386 κινουμένων
2465 1291 2629 1366 τῶν
2677 1292 2930 1388 μερῶν
2976 1293 3120 1366 τοῦ
3162 1296 3392 1370 θεοῦ

472 1437 727 1540 κύκλῳ
799 1441 1282 1543 φέρεσθαι
1345 1440 1510 1517 τὸν
1572 1439 1835 1517 θεόν·
1907 1438 2002 1517 ού
2049 1439 2199 1541 γὰρ
2252 1439 2346 1541 δή
2398 1439 2489 1516 τὸ
2538 1440 2848 1517 τοιοῦτο
2900 1447 3019 1534 ἓν,
3088 1438 3295 1542 ὥπερ
3348 1442 3392 1517 ὁ

470 1588 765 1690 Ζήνων,
811 1590 1070 1668 πολλὰ
1110 1589 1311 1669 εἶναὶ
1354 1598 1681 1694 φησιν·
1738 1579 2018 1677 οὗτος
2064 1589 2213 1689 γὰρ
2256 1591 2473 1685 σῶμα
2519 1590 2726 1689 λέγει
2762 1588 2958 1667 εἶναι
2996 1590 3136 1668 τὸν
3173 1591 3385 1687 θεόν,

473 1745 618 1817 εἴτε
667 1740 844 1818 τάδε
889 1739 979 1818 τὸ
1029 1742 1209 1836 πᾶν,
1267 1748 1411 1820 εἶτε
1462 1740 1583 1818 ὅτι
1631 1739 1725 1841 δή
1780 1764 1973 1818 ποτε
2021 1738 2217 1817 αὐτὸ
2271 1743 2559 1840 λέγων·
2615 1737 3025 1835 ἀσώματος
3060 1738 3207 1839 γὰρ
3252 1738 3385 1834 ὦν,

471 1889 645 1974 πῶς
688 1886 788 1966 ἂν
836 1892 1333 1992 σφαιροειδὴς
1382 1898 1531 1992 εἴης
1597 1892 1800 1972 ἐπεὶ
1849 1889 2154 1988 μόνως
2201 1887 2268 1990 γ’
2308 1887 2408 1966 ἂν
2451 1887 2704 1976 οὕτως
2749 1887 2905 1967 οὔτ’
2958 1886 3056 1967 ἂν
3098 1903 3387 1967 κινοῖτο

470 2039 627 2118 οὔτ’
685 2040 785 2117 ἄν
830 2040 1135 2142 η’ρεμοῖ,
1191 2043 1547 2142 μηδαμοῦ
1593 2072 1682 2143 γε
1730 2042 1878 2118 div·
1949 2042 2118 2120 ἐπεὶ
2169 2043 2251 2118 δὲ
2304 2036 2523 2136 ὄῶμά
2575 2046 2763 2134 ἐστι,
2817 2042 2895 2115 τὶ
2945 2036 3043 2116 ἂν
3092 2037 3387 2117 αὐτὸν

469 2191 756 2270 κωλύοι
806 2199 1220 2287 κινεῖσθαι,
1276 2223 1386 2280 ως
1438 2193 1766 2293 ἐλέχθη.
1857 2194 2005 2270 Hic
2061 2190 2180 2269 ὅτι
2226 2217 2371 2293 pro
2421 2217 2498 2266 τι
2547 2191 2863 2290 praebet
2916 2191 3085 2266 cod.
3137 2191 3385 2290 Lips„

468 2347 553 2421 in
605 2374 769 2448 quo
820 2347 1109 2446 legitur
1158 2343 1478 2441 ούὸαμ.
1659 2343 1778 2421 ὅτι
1950 2342 2299 2441 ,μόνον’
2358 2343 2495 2419 sed
2550 2367 2737 2418 cum
2787 2339 3150 2437 ἀνόμοιος
3200 2344 3386 2418 sub-

471 2498 861 2574 stituerim
935 2499 1202 2574 nescio
1272 2496 1710 2573 Aristotelis
1780 2496 2254 2572 sententiam
2320 2519 2421 2572 an
2489 2519 2657 2570 non
2734 2492 2914 2569 satis
2980 2505 3382 2580 assecutus

471 2647 662 2737 sim;
746 2647 1167 2724 verisimile
1249 2661 1514 2725 tamen
1588 2662 1705 2723 est
1773 2646 2164 2748 ejusmodi
2237 2645 2432 2745 quid
2500 2643 2780 2759 dixisse
2842 2642 3383 2720 Aristotelem:

467 2816 658 2871 nam
726 2797 1254 2898 Xenophanes
1323 2800 1830 2876 ratiocinatus
1902 2812 2101 2889 erat,
2187 2823 2354 2874 non
2427 2796 2725 2874 moveri
2796 2795 2915 2885 id,
2998 2793 3216 2893 quod
3283 2794 3382 2869 sit

466 2968 770 3035 unum,
839 2945 1219 3045 quoniam
1272 2961 1744 3025 moveantur
1793 2973 1915 3041 ea,
1968 2971 2171 3048 quae
2222 2947 2383 3022 sint
2430 2947 2720 3023 multa:
2786 2943 3059 3020 multis
3113 2956 3380 3020 autem

464 3118 792 3193 prorsus
860 3094 1243 3171 dissimile
1312 3119 1479 3173 esse
1531 3123 1832 3189 unum,
1897 3098 2049 3174 vid.
2106 3123 2170 3173 c.
2219 3106 2302 3170 5:
2373 3096 2476 3172 Τὸ
2530 3098 2613 3173 δὲ
2666 3104 2750 3174 ἓν
2799 3095 2978 3173 οὔτε
3030 3094 3379 3196 ἀτρεμεῖν

466 3244 645 3323 οὔτε
710 3253 1122 3324 κινεῖσθαι·
1206 3247 1385 3325 οὔτε
1445 3248 1592 3350 γὰρ
1660 3251 1773 3353 τῷ
1836 3248 1937 3351 μὴ
2002 3250 2198 3345 ὄντι,
2274 3247 2455 3327 οὔτε
2512 3264 2679 3336 τοῖς
2739 3253 3065 3334 πολλοῖς
3114 3246 3377 3342 ὅμοιον

465 3395 678 3474 εἶναι.
759 3402 999 3476 Recte
1045 3414 1310 3478 autem
1353 3403 1553 3478 mihi
1596 3404 1867 3480 videor
1903 3403 2307 3495 lacunam,
2365 3427 2565 3504 quae
2611 3401 2895 3479 deinde
2940 3400 3375 3500 deprehen-

465 3552 714 3642 ditur,
753 3552 1339 3654 redintegrasse.
1403 3558 1852 3635 Necessaria
1892 3569 2157 3635 autem
2193 3557 2427 3658 plane
2462 3570 2578 3632 est
2608 3554 2920 3654 negatio
2951 3550 3084 3653 μή,
3132 3578 3373 3653 quam

463 3704 548 3778 in
592 3704 870 3781 eodem
920 3704 1095 3781 loco
1132 3705 1398 3805 adjeci.
1484 3707 1770 3783 Itidem
1806 3706 2040 3807 plane
2090 3707 2553 3808 requiritur,
2607 3720 2698 3781 ut
2732 3704 2924 3808 φησὶ
2966 3730 3110 3804 pro
3147 3701 3375 3805 φύσει

464 3851 1010 3944 substituatur,
1047 3854 1619 3958 confirmatque
1657 3858 1827 3935 cod.
1855 3857 2092 3958 Lips.,
2128 3857 2267 3957 qui
2300 3854 2531 3958 φήσει
2564 3855 2893 3932 exhibet.
2949 3861 3116 3931 Hoc
3153 3855 3373 3930 enim

463 4005 649 4080 dicit
697 4005 1185 4099 AristoteleS,
1248 4011 1719 4111 Xenophani
1774 4011 1968 4088 deus
2021 4035 2306 4110 corpus
2360 4022 2521 4120 esta
2574 4007 2962 4106 habetque
3011 4006 3369 4082 membra

460 4154 618 4230 sive
681 4168 974 4255 partes,
1040 4181 1208 4231 non
1275 4157 1516 4257 igitur
1584 4159 1654 4233 ei
1719 4137 2002 4244 Unum
2075 4156 2277 4232 illud
2344 4156 2576 4256 plane
2645 4168 2761 4230 est
2823 4153 3373 4245 individuum,

461 4307 1145 4405 quemadmodum
1212 4308 1512 4383 Zenoni
1579 4307 1866 4408 placet,
1936 4304 2090 4382 vid.
2151 4305 2533 4382 Themist.
2599 4308 2682 4381 F.
2735 4312 2864 4378 18:
2955 4301 3227 4404 Ζήνων
3283 4310 3367 4382 ἐκ
