4125 5309
2156 604 2272 694 20

757 846 981 937 νῶσι,
1035 839 1126 919 τὸ
1155 838 1404 937 μανὸν
1431 836 1562 916 καὶ
1594 837 1687 915 τὸ
1715 837 2023 917 πυκνὸν
2052 836 2317 939 ἀρχάς
2344 839 2739 937 τιθέμενοι
2763 841 2926 916 τῶν
2955 838 3487 941 παθημάτων,
3541 839 3683 917 τὸν

755 992 999 1075 αὐτὸν
1058 988 1353 1093 τρόπον
1416 989 1546 1067 καὶ
1610 979 1830 1067 οὗτοι
1890 988 2066 1077 τὰς
2141 990 2611 1093 διαφορὰς
2678 994 3004 1079 αἰτίας
3085 992 3279 1069 τῶν
3357 991 3682 1069 ἄλλων

758 1142 1006 1223 εἷναί
1070 1152 1399 1249 φασιν,
1470 1137 1764 1228 ταύτας
1824 1142 2091 1236 μέντοι
2149 1144 2357 1243 τρεῖς
2421 1137 2619 1218 εἶναι
2674 1143 3027 1242 λέγουσι,
3099 1138 3371 1243 σχῆμά
3415 1171 3499 1219 τε
3548 1144 3681 1219 καὶ

754 1292 980 1384 τάξιν
1027 1293 1159 1369 καὶ
1204 1294 1455 1370 θέσιν·
1509 1294 1904 1396 διαφέρειν
1949 1291 2098 1394 γάρ
2152 1300 2346 1393 φασι
2392 1294 2485 1369 τὸ
2537 1290 2630 1369 ὂν
2676 1297 2948 1397 ῥυσμῷ
3000 1296 3131 1372 καὶ
3180 1297 3497 1396 διαθιγῇ
3549 1299 3678 1373 καὶ

753 1450 1002 1552 τροπῇ
1056 1443 1327 1545 μόνον·
1398 1443 1703 1523 τούτων
1750 1448 1834 1523 δὲ
1886 1444 1930 1521 ὁ
1978 1446 2120 1542 μὲν
2168 1444 2462 1547 ῥυσμὸς
2514 1445 2787 1545 σχῆμά
2837 1452 3065 1541 ἐστιν,
3119 1444 3168 1546 ἡ
3222 1450 3306 1524 δὲ
3357 1449 3678 1548 διαθιγὴ

751 1595 1006 1694 τάξις,
1074 1598 1125 1697 ἡ
1174 1599 1258 1675 δὲ
1308 1596 1559 1700 τροπὴ
1614 1598 1866 1682 θέσις.
1973 1599 2252 1695 Itaque
2315 1595 2876 1696 corrigendum
2928 1611 3080 1673 est:
3169 1596 3364 1699 φησὶ
3412 1599 3496 1676 δὲ
3548 1599 3677 1674 καὶ

751 1750 795 1825 o‘
848 1744 1325 1849 Δημόκριτος
1384 1745 1476 1823 τὸ
1537 1744 1744 1846 ὕδωρ
1808 1776 1892 1824 τε
1958 1747 2090 1823 καὶ
2154 1746 2295 1823 τὶν
2356 1746 2547 1849 ἀέρα
2618 1746 2941 1826 ἕκαστόν
3002 1776 3085 1826 τε
3143 1752 3307 1825 τῶν
3356 1752 3678 1827 πολλῶν

749 1900 1040 1979 ταύτὸ
1105 1898 1209 1977 ὂν
1266 1902 1612 2004 ῥυσμῷ,
1676 1902 2064 2001 διαθιγῇ
2126 1900 2281 1976 καὶ
2343 1901 2645 2000 τροπῇ
2707 1902 3135 2002 διαφέρειν·
3206 1905 3287 1979 τὶ
3350 1905 3446 1980 δὲ
3513 1933 3675 1980 κω-

749 2049 967 2129 λύοι
1029 2046 1139 2127 ἂν
1166 2050 1319 2127 ’καὶ
1368 2048 1620 2136 οὕτως
1669 2048 1769 2127 τά
1805 2048 2062 2126 πολλὰ
2106 2051 2519 2149 γίγνεσθαι
2557 2049 2687 2125 καὶ
2728 2046 3263 2145 ἀπόλλυσθαι,
3319 2053 3408 2142 ἐξ
3446 2052 3677 2139 ὄντος

750 2203 870 2284 ἀεὶ
920 2198 1050 2291 εἰς
1101 2199 1208 2279 ὂν
1255 2201 1878 2300 μεταβάλλοντος
1926 2216 2103 2288 ταῖς
2154 2202 2585 2302 εἰρημέναις
2636 2209 3051 2302 διαφοραῖς
3100 2232 3167 2278 κ.
3200 2177 3366 2278 τζλ.
3432 2200 3678 2278 ταύτὰ

748 2355 1270 2457 suppeditavit
1305 2354 1477 2430 cod.
1505 2354 1754 2454 Lips.;
1808 2353 2098 2429 deinde
2135 2352 2410 2454 scripsi
2447 2356 2537 2430 τὶ
2586 2336 2682 2429 δὲ
2733 2349 3080 2430 κωλύοι
3129 2348 3250 2444 ἂν,
3301 2353 3441 2429 ubi
3483 2378 3669 2430 cum

745 2504 956 2605 Lip5.
1007 2516 1186 2578 tum
1238 2502 1370 2578 alii
1419 2499 1748 2578 κωλύειν
1800 2502 2192 2579 exhibent.

945 2660 1030 2731 P.
1073 2662 1243 2731 975.
1294 2660 1379 2732 Β.
1411 2662 1542 2730 55:
1615 2654 1775 2732 Ἔτι
1821 2658 1902 2733 τί
1950 2653 2264 2750 κωλύει,
2320 2656 2511 2731 ποτὲ
2563 2654 2707 2750 μὲν
2754 2654 2845 2744 ἐξ
2891 2651 3153 2730 ἄλλων
3203 2653 3300 2731 τὰ
3356 2653 3679 2750 σώματα

743 2809 1158 2908 γίγνεσθαί
1206 2832 1290 2882 τε
1338 2804 1469 2882 καὶ
1519 2802 2023 2884 ἀπόλλυσθαι
2073 2806 2334 2886 πάλιν.

941 2960 1042 3032 In
1109 2954 1403 3055 quibus
1468 2978 1613 3029 nec
1679 2958 2058 3034 orationis
2128 2957 2654 3037 conformatio
2713 2971 2921 3035 recte
2985 2956 3456 3058 absolvitur,
3523 2983 3675 3034 nec

745 3106 1132 3184 sententia
1178 3106 1337 3181 nisi
1385 3104 1634 3180 futilis
1688 3106 1917 3182 inest.
1988 3108 2323 3183 ·.Mirum
2373 3120 2491 3183 est
2534 3103 2922 3208 profecto,
2976 3132 3101 3199 ea,
3154 3132 3356 3208 quae
3395 3108 3675 3209 legun-

742 3264 878 3338 tu'r
934 3262 1021 3337 in
1083 3259 1254 3335 cod.
1300 3246 1854 3359 Lips.‚'p·lane
1915 3260 2268 3362 neglecta
2338 3284 2545 3352 esse3
2625 3260 2737 3335 ibi
2804 3258 3023 3335 enim
3077 3261 3272 3339 haec
3332 3273 3676 3338 exstant:

744 3421 858 3493 ἔτι
904 3415 982 3488 τί
1035 3407 1312 3488 κωλύει
1361 3409 1618 3485 πολλὰ
1666 3411 1807 3505 μὲν
1857 3410 1947 3500 ἐξ
1995 3411 2260 3487 ἄλλων
2309 3410 2410 3486 τά
2460 3405 2777 3505 σώματα
2827 3410 3240 3508 γίγνεσθαι
3304 3408 3465 3509 [καὶ
3517 3415 3669 3485 δια-

741 3558 1120 3640 λύνεσθαι
1166 3566 1273 3648 εἰς
1323 3558 1677 3656 σώματα,
1735 3558 1988 3647 οὕτως
2038 3561 2133 3662 δὴ
2190 3559 2681 3656 ἀναλυόμενα
2733 3559 2864 3635 καὶ
2916 3556 3043 3638 ἶσα
3092 3562 3507 3658 γίγνεσθαὶ
3554 3559 3673 3659 τε]

740 3712 872 3788 καὶ
921 3709 1426 3789 ἀπόλλυσθαι
1472 3709 1730 3789 πάλιν.
1819 3715 2160 3814 Apparet
2205 3713 2449 3813 igitur
2480 3715 2884 3814 integrum
2930 3736 3248 3787 versum
3296 3712 3672 3788 excidisse

740 3866 826 3940 in
884 3865 1156 3941 ceteris
1213 3863 1476 3952 libris,
1551 3890 2042 3968 quamquam
2111 3891 2212 3943 ne
2268 3867 2460 3944 haec
2523 3867 2891 3968 quidem,
2959 3889 3162 3966 quae
3224 3866 3396 3943 cod.
3457 3865 3667 3965 Lips.

745 4014 1224 4113 suppeditat,
1291 4015 1475 4091 satis
1531 4018 1837 4119 integra
1886 4032 2100 4094 sunt.
2194 4019 2556 4119 Corrigas
2607 4024 2720 4096 ἔτι
2765 4020 2846 4095 τὶ
2893 4012 3174 4094 κωλύει
3222 4018 3481 4094 πολλὰ
3529 4017 3671 4112 μὲν

745 4165 845 4253 ἐξ
913 4164 1349 4267 ἀλλήλων
1395 4164 1497 4243 τὰ
1549 4164 1865 4264 σώματα
1914 4169 2333 4269 γίγνεσθαι
2380 4167 2513 4244 καὶ
2562 4164 3133 4245 διαλύεσθαι
3181 4169 3289 4252 εἰς
3324 4164 3663 4262 σώματα,

741 4317 1045 4405 οὕτως
1128 4320 1228 4395 δὲ
1305 4313 1826 4416 γιγνόμενά
1901 4343 2000 4395 τε
2080 4316 2237 4394 καὶ
2320 4312 2810 4411 άναλυόμενα
2884 4320 3033 4392 ἴσα
3104 4314 3517 4414 γίγνεσθαὶ
3585 4339 3666 4388 τε
