4125 5309
2182 577 2299 667 28

972 809 1132 905 Qui
1186 808 1411 885 Iocus
1465 807 1700 910 plane
1750 810 2181 912 impeditus
2230 827 2381 904 est,
2444 813 2802 914 quamvis
2849 811 3183 892 ὁτουοῦν
3234 838 3382 914 pro
3432 812 3700 892 ὁτιοῦν

769 959 871 1036 sit
915 983 1007 1036 ex
1050 961 1243 1037 Cod.
1281 933 1491 1060 Lips
1542 961 2037 1052 restitutum3
2091 962 2303 1038 idem
2348 961 2550 1037 liber
2595 962 2906 1038 exhibet
2944 963 3074 1038 καὶ
3121 967 3185 1039 εἰ
3223 961 3314 1038 τὸ
3354 964 3704 1063 πρῶτονῆ

769 1110 1128 1211 Conjicio
1171 1114 1309 1189 sed
1349 1114 1802 1193 dubitanter
1844 1116 2036 1193 haec
2078 1117 2187 1191 sic
2229 1141 2396 1193 esse
2439 1115 3044 1194 conformanda:
3104 1119 3198 1194 Τὶ
3234 1116 3382 1218 γὰρ
3418 1117 3702 1195 κωλύει

766 1265 873 1347 εἰς
924 1260 1228 1360 ἄλληλα
1281 1265 1664 1365 φέρεσθαι
1713 1265 1841 1340 καὶ
1893 1268 2433 1365 περιΐστασθαι
2499 1259 2816 1359 πάλιν,
2884 1268 3071 1361 (nisi
3126 1264 3384 1345 πάντα
3433 1268 3690 1365 malis)

764 1415 1103 1495 ὁτουοῦν
1167 1421 1273 1502 εἰς
1334 1415 1528 1492 ἄλλο
1589 1416 1719 1492 καὶ
1783 1414 2072 1493 τούτου
2128 1423 2237 1504 εἰς
2287 1424 2582 1519 ἕτερον,
2657 1425 2842 1496 εἴτε
2904 1420 3007 1495 τὸ
3069 1423 3447 1522 πρῶτον
3512 1427 3693 1498 εἴτε

762 1570 918 1645 καὶ
987 1569 1257 1661 ἄλλο,
1329 1565 1951 1663 μεταβάλλοντος
2017 1566 2157 1645 ἀεὶ.
2267 1574 2439 1647 Hoc
2503 1572 2722 1647 enim
2794 1572 3052 1648 dicere
3116 1570 3457 1661 videtur,
3520 1568 3699 1645 fieri

761 1742 1028 1819 posse,
1072 1731 1166 1793 ut
1199 1721 1577 1818 perpetua
1618 1717 1810 1793 haec
1852 1717 1954 1791 sit
1990 1695 2359 1815 mutatio',
2413 1735 2508 1796 ut
2543 1723 3167 1822 unumquidque
3203 1721 3448 1797 modo
3483 1721 3702 1797 hanc·

761 1869 1007 1944 modo
1069 1867 1289 1943 illam
1352 1868 1693 1967 speciem
1761 1870 2074 1959 induat,
2138 1884 2215 1945 et
2269 1870 2390 1947 vel
2450 1886 2882 1949 revertatur
2928 1871 3014 1945 in
3076 1895 3251 1947 eam
3305 1869 3704 1984 formam?

762 2045 915 2121 qua
970 2020 1331 2121 primum
1388 2019 1629 2096 fuerit
1678 2021 2166 2122 praeditum,
2233 2022 2355 2098 vel
2420 2022 2655 2100 aliam
2717 2048 2808 2098 ex
2858 2022 3006 2098 alia
3053 2023 3393 2099 asciscat.
3481 2026 3688 2099 Con-

762 2172 960 2251 feras
990 2197 1192 2273 quae
1226 2173 1331 2249 ab·
1351 2172 1583 2246 initio
1614 2170 1857 2270 hujus
1891 2171 2161 2271 capitis
2196 2171 2610 2271 leguntur:
2644 2169 2699 2271 ἢ
2728 2169 2959 2249 οὐδὲν
2983 2170 3261 2249 κωλύει
3285 2176 3701 2272 γεγονέναι·

762 2327 981 2420 ἕτερα
1051 2323 1141 2411 ἐξ
1202 2324 1488 2421 ’ἑτέρων
1550 2322 1681 2397 καὶ
1741 2324 1978 2399 τοῦτο
2044 2328 2160 2409 εἰς
2206 2323 2530 2421 ἄπειρον
2582 2324 2818 2414 ἱέναι,
2885 2320 2942 2422 ἢ
2990 2325 3120 2401 καὶ
3167 2305 3706 2420 ἀνακάμπτειν·

761 2472 1051 2576 κύκλῳ,
1109 2472 1308 2552 ὥστε
1357 2473 1447 2549 τὸ
1500 2480 1767 2574 ἕτερον
1812 2479 1896 2550 ἐκ
1943 2475 2090 2550 τοῦ
2140 2476 2410 2575 ἑτέρου
2461 2478 2885 2575 γεγονέναι.

959 2629 1045 2701 Ρ.
1097 2631 1267 2699 976.
1335 2629 1420 2701 Β.
1467 2630 1603 2696 29:
1684 2623 1847 2700 Ἔτι
1903 2624 2033 2699 καὶ
2082 2622 2233 2722 τὴν
2285 2628 2369 2700 ἐν
2418 2624 2531 2725 τῷ
2584 2621 2800 2725 αῦτῳ
2832 2626 3207 2719 μένοντος
3256 2630 3400 2703 τοῦ
3452 2628 3702 2730 πράγ·

758 2802 1004 2870 ματος
1053 2775 1273 2876 τόπῳ
1318 2778 1461 2852 τοῦ
1509 2781 1765 2862 εἴδους
1810 2773 2281 2877 μεταβολήν,
2335 2773 2439 2876 ἢν
2485 2773 2902 2855 ἀλλοίωσιν
2951 2782 3034 2852 οἵ
3070 2772 3131 2850 τ’
3179 2774 3404 2885 ἆζλλοι
3448 2775 3704 2855 κᾶκεῑ-·

757 2958 897 3018 νος
972 2930 1210 3027 λέγει,
1293 2925 1522 3005 οῦδὲν
1594 2931 1678 3002 ἐκ
1746 2927 1909 3001 τῶν
1988 2928 2407 3026 εἰρημένων
2484 2925 2701 3029 αὐτῷ
2772 2922 3052 3002 κωλύει
3135 2935 3517 3005 κινεῖσθαι
3589 2925 3706 3004 τὰς

759 3074 1207 3177 πράγματα,
1261 3075 1453 3152 ὅταν
1496 3082 1581 3153 ἐκ
1627 3077 1916 3153 λευκοῦ
1964 3079 2210 3173 μέλαν
2241 3073 2296 3176 ἢ
2333 3083 2417 3154 ἐκ
2456 3079 2736 3178 πικροῦ
2767 3079 3089 3177 γένηται
3123 3078 3407 3177 γλυκύ,
3457 3078 3710 3160 οὐδὲν.

756 3228 904 3330 γὰρ
943 3229 1035 3305 τὸ
1073 3227 1175 3328 μὴ
1216 3225 1414 3305 εἶναι
1450 3226 1677 3304 κενὸν
1708 3225 1763 3326 ἢ
1796 3227 1899 3327 μὴ
1941 3230 2326 3325 δέχεσθαι
2366 3228 2459 3304 τὸ
2504 3232 2797 3329 πλῆρες
2831 3227 3342 3306 ἀλλοιοῦσθαι
3382 3228 3678 3308 κωλύει.

958 3383 1274 3456 Horum
1337 3382 1764 3458 verborum
1819 3381 2000 3457 satis
2058 3379 2440 3479 impedita
2500 3393 2618 3454 est
2667 3380 3090 3470 sententia,
3166 3382 3692 3459 scribendum

759 3554 1076 3607 censeo:
1159 3537 1272 3608 ἔτι
1332 3530 1462 3606 καὶ
1521 3528 1752 3605 κατὰ
1813 3528 1986 3628 τὴν
2050 3535 2135 3606 ἐν
2197 3532 2313 3631 τῷ
2363 3525 2579 3630 αὐτῷ
2632 3530 3005 3624 μένοντος
3044 3532 3200 3606 τοῦ·
3231 3528 3698 3631 πράγματος·

757 3677 976 3780 τόπῳ
1021 3681 1165 3755 τοῦ
1205 3685 1460 3765 εἴδους
1478 3678 1936 3776 μεταβολὴν
1987 3723 2083 3736 -
2135 3688 2519 3758 κινεῖσθαι
2558 3680 2657 3758 τοὶ
2691 3680 3139 3782 πράγματα,
3194 3708 3706 3783 quamquam-

757 3830 994 3906 etiam
1052 3829 1286 3905 scribi
1333 3830 1582 3929 possit
1638 3830 1743 3928 τῇ
1795 3874 1898 3884 -
1947 3840 2458 3936 μεταβολῇ,
2522 3838 2659 3913 sed
2709 3838 2936 3936 prius
2980 3851 3337 3938 praestat.
3438 3842 3538 3915 Et
3585 3839 3693 3915 de
3777 3935 3782 3936 γ

754 4003 1028 4055 rerum
1092 3981 1540 4058 mutatione
1603 3983 2066 4077 disseruisse
2130 3985 2548 4062 Melissum
2611 3987 2870 4087 arguit
2933 3988 3679 4068 etiam'Aristoteles

754 4129 986 4230 Phys.
1042 4128 1398 4207 Auscult.
1445 4133 1506 4206 Ι.
1561 4138 1647 4203 5:
1731 4130 1850 4208 ὅτι
1909 4133 2051 4229 μὲν
2102 4121 2246 4207 οῦν
2293 4136 2903 4235 παραλογίζεται
2951 4139 3350 4227 Μέλισσος
3400 4143 3690 4240 δῆλον·-

754 4286 994 4360 οὶεται
1040 4282 1187 4384 γὰρ
1236 4284 1662 4384 εἰληφέναι,
1717 4288 1780 4362 εἰ
1824 4285 1916 4362 τὸ
1964 4284 2382 4385 γενόμενον
2428 4285 2694 4387 ἀρχὴν
2743 4292 2913 4384 ἔχει
2961 4284 3197 4381 ἅπαν,
3252 4286 3369 4365 ὅτι
3415 4290 3544 4365 καὶ
3573 4290 3687 4365 τὸ
