4125 5309
2055 551 2166 641 19

590 803 597 810 ·
639 783 774 861 hic
808 787 1141 886 'quoque
1190 788 1363 864 cod.
1413 786 1626 885 Lips.
1672 785 1814 886 qui
1856 773 2116 863 οὖσαν
2156 812 2304 888 pro
2351 783 2631 865 οὐσίαν
2661 789 3011 868 exhibet:
3059 788 3219 888 jam
3254 805 3575 891 apparet

640 939 868 1031 haec,
936 968 1125 1018 cum
1169 964 1339 1015 non
1393 939 1783 1039 integram
1834 937 2310 1014 sententiam
2364 938 2821 1031 conficiant,
2897 955 3104 1020 arcte
3155 942 3576 1024 cohaerere

644 1122 829 1173 cum
868 1095 1007 1186 iis,
1054 1117 1257 1194 quae
1299 1106 1785 1194 sequuntur,
1839 1115 2042 1191 quae
2081 1103 2162 1166 et
2194 1090 2363 1190 ipsa
2404 1091 2668 1192 inepta
2706 1107 2920 1171 sunt.
2989 1099 3576 1201 Corrigendum

641 1259 793 1323 est:
847 1251 961 1322 ἔτι
1009 1244 1094 1320 δὲ
1142 1238 1375 1320 οὐδὲν
1421 1235 1722 1330 κωλύει,
1771 1242 1961 1336 μίαν
2008 1238 2185 1316 τινὰ
2234 1229 2404 1318 οὗσ
2416 1271 2530 1318 αν
2577 1219 2669 1317 τὸ
2705 1243 2870 1319 πᾶν
2907 1241 3243 1347 μορφήν,
3300 1246 3410 1335 ὠς
3445 1249 3577 1326 καὶ

644 1397 687 1472 ὁ
709 1394 1306 1496 Ἀναξίμανδρος
1334 1392 1466 1469 καὶ
1499 1391 1544 1468 o‘
1575 1389 2068 1492 Ἀναξιμένης
2101 1393 2488 1490 λέγουσιν,
2526 1389 2571 1468 ὁ
2599 1393 2741 1488 μὲν
2765 1390 2977 1497 ὕδωρ
3003 1392 3202 1473 εἶναι
3231 1395 3578 1500 φάμενος

639 1547 733 1627 τὸ
781 1548 980 1641 πᾶν,
1045 1543 1088 1622 ὁ
1138 1547 1222 1623 δὲ
1265 1542 1891 1643 Ἀναξιμένης
1954 1540 2183 1646 ἀέρα,
2257 1544 2388 1621 καὶ
2444 1541 2612 1622 ὅσοι
2659 1543 2890 1621 ἄλλοι
2935 1542 3190 1634 οὕτως
3240 1543 3438 1626 εἶναι
3485 1547 3578 1625 τὸ

643 1700 804 1775 πᾶν
848 1699 934 1773 ἓν
981 1691 1394 1796 ἠξιώκασι,
1451 1697 1689 1771 τοῦτο
1734 1694 1886 1795 ἤδη
1941 1692 2297 1795 σχήμασί
2330 1722 2414 1771 τε
2456 1694 2587 1772 καὶ
2629 1691 2973 1795 πλήθεσι
3012 1699 3144 1776 καὶ
3188 1698 3581 1802 ὀλιγότητι

639 1849 771 1926 καὶ
833 1849 946 1951 τῷ
1007 1845 1258 1944 μανὸν
1317 1840 1371 1945 ἢ
1423 1843 1730 1923 πυκνὸν
1789 1845 2206 1945 γίγνεσθαι
2252 1844 2514 1923 πολλὰ
2563 1845 2692 1922 καὶ
2743 1845 3022 1948 ἄπειρα
3074 1846 3264 1924 ὄντα
3313 1877 3398 1930 τε
3447 1851 3581 1929 καὶ

641 1996 1056 2099 γιγνόμενα
1121 1994 1902 2101 ἀπεργάζεσθαι
1967 1997 2061 2075 τὸ
2124 1996 2351 2088 ὅλον;
2433 2000 2670 2078 τοῦτο
2740 1997 3079 2077 refertur
3147 2000 3245 2078 ad
3315 2027 3578 2080 unum

641 2152 847 2229 illud
886 2151 1378 2228 elementum
1422 2148 1798 2252 (μορφή),
1850 2149 2073 2250 quod
2111 2148 2271 2226 sive
2313 2150 2875 2250 quantitatem,
2927 2153 3086 2227 sive
3121 2153 3578 2252 qualitatem

644 2314 941 2403 spectes
968 2301 1304 2399 (σχῆμα,
1345 2300 1696 2399 πλῆθος,
1745 2295 2140 2399 ὀλιγότης,
2161 2293 2618 2399 πυκνότης,
2649 2296 3037 2401 ambron)
3061 2302 3579 2386 multifariam

644 2453 1040 2531 ‘dividatur
1091 2464 1168 2528 et
1217 2464 1487 2528 tamen
1543 2464 1804 2527 totum
1860 2451 2066 2529 illud
2124 2450 2435 2534 efficiat.

845 2609 931 2680 P.
978 2611 1149 2679 975.
1202 2607 1290 2681 Β.
1332 2610 1464 2677 27:
1545 2603 1741 2705 φησὶ
1789 2602 1873 2680 δὲ
1924 2601 2055 2679 καὶ
2096 2600 2149 2679 ὁ
2199 2600 2682 2704 Δημόκριτος
2730 2602 2823 2681 τὸ
2870 2601 3080 2707 ὕδωρ
3130 2634 3216 2682 τε
3266 2605 3396 2684 καὶ
3441 2604 3581 2684 τὸν
3663 2629 3670 2637 ·

645 2756 836 2860 ἀέρα
899 2755 1223 2836 ἕκαστόν
1284 2781 1369 2831 τε
1430 2754 1596 2830 τῶν
1659 2754 1985 2830 πολλῶν
2043 2754 2280 2831 τοῦτο
2333 2748 2428 2828 ὂν
2474 2756 2763 2857 ῥυθμῷ
2816 2756 3232 2856 διαφέρειν.
3338 2759 3436 2834 Τι’,
3482 2758 3578 2859 δὴ

650 2905 931 2986 κωλύει
969 2906 1102 2984 καὶ
1143 2903 1399 2992 οὕτως
1430 2875 1538 2982 Ιτὰ
1580 2903 1844 2983 πολλὰ
1881 2907 2299 3005 γίγνεσθαὶ
2332 2932 2426 2984 τε
2464 2903 2597 2984 καὶ
2632 2903 3173 3002 ἀπόλλυσθαι,
3222 2912 3313 3002 ἐξ
3352 2911 3583 3001 ὄντος

646 3059 766 3137 ἀεὶ
829 3065 912 3147 ἐς
973 3058 1069 3135 ὄν
1127 3058 1755 3154 μεταβάλλοντος
1817 3073 1993 3146 ταῖς
2056 3057 2491 3159 εἰρημέναις
2547 3065 2964 3159 διαφοραῖς
3018 3061 3163 3137 τοῦ
3228 3060 3406 3149 ἑνὸς
3450 3063 3582 3141 καὶ

645 3211 876 3291 οὐδὲν
924 3211 1109 3290 οὔτε
1160 3210 1498 3297 πλέονος
1550 3208 1732 3286 οὔτε
1784 3206 2203 3296 ἐλάττονος
2249 3209 2717 3308 γιγνομένου
2768 3209 2917 3285 τοῦ
2963 3205 3178 3288 ὅλου.

850 3367 1263 3458 Quaenam
1297 3360 1620 3438 tandem
1660 3373 1854 3437 sunt
1884 3360 2062 3438 illae
2109 3359 2502 3461 εἰρημέναι
2536 3362 2943 3460 διαφοραί,
2998 3385 3195 3462 quas
3232 3387 3582 3440 comme-

645 3526 988 3591 moratas
1027 3536 1198 3588 esse
1238 3513 1324 3587 in
1359 3509 1828 3612 praegressis
1863 3508 2093 3588 facile
2136 3507 2532 3607 conjicias,
2610 3511 2713 3588 At
2754 3509 2960 3588 nihil
3012 3526 3241 3593 antea
3283 3515 3581 3615 reperi·

642 3676 814 3753 tur,
876 3663 1095 3763 quod
1133 3663 1295 3739 huc
1341 3662 1662 3751 referaS,
1715 3662 1870 3739 nisi
1911 3662 2118 3740 illud
2150 3662 2439 3764 ῥυθμῷ
2485 3661 2917 3761 διαφέρειν,
2972 3675 3050 3738 at
3074 3661 3584 3740 Democritus

646 3779 1172 3890 non¹tant11m
1210 3777 1469 3888 foi-ma
1506 3810 1825 3890 differre
1862 3811 2175 3889 censuit
2209 3810 2618 3889 individua
2654 3810 2789 3887 illa
2822 3810 3333 3910 corpuscula,
3380 3834 3584 3911 quae

648 3962 815 4066 ipse
875 3962 1262 4065 principia
1318 3987 1593 4040 rerum
1652 3987 1821 4042 esse
1883 3961 2192 4052 statuit,
2260 3959 2400 4037 sed
2471 3957 2708 4037 etiam
2771 3958 3053 4036 ordine
3116 3973 3198 4036 et
3249 3959 3584 4040 colloca·

649 4113 899 4205 tione,
968 4114 1124 4192 vid.
1187 4128 1495 4217 praeter
1561 4114 1756 4193 alios
1814 4113 2134 4190 Aristot.
2189 4117 2376 4210 Met.
2436 4112 2498 4189 1.
2549 4116 2644 4187 4:
2737 4110 2868 4188 καὶ
2934 4108 3293 4213 καθάπερ
3364 4117 3439 4192 οἱ
3499 4116 3585 4192 ἓν

560 4263 565 4268 ’
651 4266 1062 4352 ποιοῦντες
1107 4263 1257 4365 τὴν
1296 4263 1815 4363 ὑποκειμένην
1872 4260 2151 4342 οὐσίαν
2206 4250 2457 4340 τᾶλλα
2507 4275 2679 4351 τοῖς
2735 4259 3073 4342 πάθεσιν
3123 4260 3371 4362 αὐτῆς
3418 4292 3583 4362 γεν·

2721 4387 2775 4462 5
2793 4390 2827 4434 ιιι
