4125 5309
2085 559 2199 648 26

676 800 946 896 ὄγκον,
1000 784 1098 872 οὗ
1138 791 1482 871 δεκτικόν
1534 799 1761 885 ἐστιν,
1813 792 2005 869 ὅταν
2054 795 2137 871 δὲ
2192 794 2571 894 στερηθῇ,
2620 789 2865 888 κενόν,
2922 791 3032 881 ὠς
3078 794 3170 869 τὸ
3220 791 3409 871 αὐτὶ
3465 797 3607 889 μὲν

674 946 767 1025 ὂν
827 946 1051 1024 κενόν
1110 947 1239 1023 καὶ
1301 945 1584 1040 τόπον,
1651 946 1743 1021 τὸ
1809 944 1873 1021 δ’
1925 941 2124 1022 εἶναι
2186 945 2461 1033 αὐτοῖς
2521 943 2618 1023 οὐ
2675 944 2918 1024 ταύτὸ
2970 946 3098 1023 ὄν·
3185 961 3261 1024 et
3316 948 3600 1025 deinde

672 1100 769 1175 de
844 1101 1339 1199 Anaxagora,
1418 1099 1556 1199 qui
1635 1098 1946 1198 negavit
2014 1100 2253 1174 inane
2328 1123 2534 1175 esse:
2632 1105 2706 1175 οἱ
2777 1100 2920 1194 μὲν
2998 1090 3144 1176 οὖν
3219 1100 3611 1178 δεικνύναι·

670 1246 1130 1350 πειρώμενοι
1164 1246 1285 1323 ὅτι
1320 1244 1466 1324 οὐκ
1503 1254 1730 1340 ἔστιν,
1781 1245 1945 1343 οὐχ
1978 1243 2021 1322 ὃ
2051 1247 2474 1334 βούλονται
2511 1250 2767 1348 λέγειν
2798 1257 2872 1325 οἱ
2903 1250 3314 1350 ἄνθρωποι
3350 1250 3594 1344 κενόν,

669 1398 874 1479 τοῦτ’
921 1402 1501 1498 ἐξελέγχουσιν,
1558 1394 1720 1472 ἀλλ’
1765 1394 2339 1497 ἁμαρτάνοντες
2379 1402 2731 1498 λέγουσι,
2788 1399 3043 1502 ὥςπερ
3088 1399 3598 1503 Ἀναξαγόρας

667 1556 798 1630 καὶ
832 1562 906 1631 01:
935 1556 1223 1629 τοῦτον
1253 1550 1396 1626 τὸν
1425 1546 1724 1650 τρόπον
1763 1549 2266 1646 ἐλέγχοντες·
2324 1547 2889 1628 ἐπιδεικνύουσι
2918 1552 3066 1652 γὰρ
3103 1549 3224 1627 ὅτι
3256 1558 3416 1628 ἔστι
3446 1580 3521 1627 τι
3555 1553 3600 1627 ό

668 1700 852 1803 ἀήρ,
907 1702 1456 1803 στρεβλοῦντες
1490 1698 1680 1786 τούς
1719 1696 2006 1786 ἀσκοὺς
2047 1701 2175 1776 καὶ
2214 1700 2646 1789 δεικνύντες
2685 1701 2792 1789 ὠς
2829 1703 3159 1805 ἰσχυρὸς
3200 1702 3243 1780 ό
3282 1704 3431 1806 ἀὴρ
3469 1711 3597 1782 καὶ

669 1850 1649 1945 ἑναπολαμβάνοντες
1742 1857 1835 1927 ἐν
1924 1865 2138 1937 ταῖς
2223 1847 2841 1953 κλεψύδραις.
2964 1857 3182 1933 Adde
3237 1858 3368 1934 ib.
3449 1861 3593 1936 sub

665 2003 950 2080 finem:
1001 1998 1464 2102 Μαρτύριον
1509 2003 1593 2078 δὲ
1635 2001 1764 2077 καὶ
1807 2000 1897 2076 τό
1948 2002 2125 2102 περὶ
2164 2004 2310 2101 τῆς
2351 2004 2648 2103 τέφρας
2690 2005 3128 2098 ποιοῦνται,
3185 2001 3238 2104 ἢ
3278 2006 3597 2103 δέχεται
3644 2071 3654 2078 .

665 2166 832 2235 ι’σον
878 2155 1127 2257 ὕδωρ,
1200 2153 1429 2232 ὅσον
1496 2154 1596 2232 τὸ
1667 2152 2065 2254 ἀγγεῖον
2139 2155 2243 2231 τό
2317 2151 2616 2231 κενόν.

862 2313 948 2383 Ρ.
989 2314 1158 2380 976.
1225 2312 1310 2381 Β.
1359 2313 1483 2378 19:
1556 2303 1775 2382 Ἀλλὰ
1837 2304 1931 2404 δὴ
2002 2305 2133 2381 καὶ,
2187 2309 2250 2383 εἰ
2295 2301 2397 2404 μή
2454 2311 2614 2383 ἐστι
2660 2304 2915 2399 κενόν,
2986 2309 3177 2405 μηδὲ
3229 2333 3306 2382 τι
3353 2295 3629 2414 ἧσσον,

663 2454 762 2532 ἄν
833 2471 1160 2550 κινοῖτο,
1248 2453 1417 2531 ἐπεὶ
1488 2453 1619 2528 καὶ
1682 2450 2200 2552 Ἀναξαγόρας
2275 2452 2367 2528 τὸ
2443 2452 2642 2552 πρὸς
2703 2452 2898 2531 αὐτὸ
2961 2459 3613 2557 πραγματευθεὶς·

661 2606 790 2682 καὶ
842 2604 938 2683 οὐ
988 2601 1231 2700 μόνον
1280 2601 1755 2703 ἀποχρῆσαν
1805 2599 2020 2703 αὐτῷ
2075 2600 2677 2705 ἀποφήνασθαι,
2744 2603 2866 2681 ὄτι
2914 2602 3056 2681 οὐκ
3107 2612 3332 2699 ἔστιν,
3389 2604 3613 2700 ὅμως

662 2760 1046 2836 κινεῖσθαί
1097 2771 1292 2862 φησι
1340 2757 1440 2834 τὰ
1489 2757 1717 2848 ὄντα,
1773 2753 1916 2832 οὐκ
1965 2755 2195 2842 ὄντος
2244 2760 2492 2832 κενοῦ.

862 2909 1009 2986 Hic
1057 2907 1278 2985 facile
1324 2907 1504 3007 quis
1549 2906 1945 3005 conjiciat,
1992 2905 2503 2981 scribendum
2550 2929 2717 2980 esse
2748 2903 3262 3008 Ἀναξαγόρας
3309 2905 3350 2983 ὁ
3394 2910 3593 3009 πρὸς

661 3057 908 3136 αὐτὸν
961 3054 1637 3157 πραγματευθεὶς,
1707 3068 1800 3130 ιιι
1846 3056 2338 3153 Anaxagoras
2390 3053 2696 3129 dicatur
2750 3055 3119 3132 adversus
3168 3059 3611 3136 Melissum-

659 3214 1099 3313 scripsisse,
1187 3210 1402 3311 quod
1482 3208 1778 3284 factum
1860 3233 2026 3283 esse
2109 3206 2455 3281 vidimus
2535 3231 2809 3306 supra,
2891 3211 3027 3286 sed
3102 3211 3317 3287 aliud
3394 3214 3589 3313 quid

659 3363 1127 3462 requiritur,
1184 3358 1400 3460 quod
1443 3359 1566 3434 vel
1608 3359 1987 3459 particula
2031 3356 2242 3452 ὅμως
2283 3355 2610 3443 indicat,
2662 3355 3173 3433 scribendum
3218 3360 3603 3461 conjicioz.

660 3511 828 3590 ἐπεὶ
896 3512 1026 3587 καὶ
1090 3510 1605 3610 Ἀναξαγόρας
1675 3510 1719 3585 ὁ
1787 3510 2005 3608 περὶ
2090 3509 2190 3585 τὸ
2272 3505 2504 3584 αὐτό
2570 3513 3240 3607 πραγματευθείς,
3316 3514 3438 3600 ὠς
3495 3516 3591 3591 οὐ

657 3663 899 3760 μόνον
950 3661 1428 3763 ἀποχρῆσαν
1476 3661 1693 3765 αὐτῷ
1748 3660 2354 3762 ἀποφήνασθαι,
2411 3660 2530 3737 ὅτι
2580 3660 2722 3738 οὐκ
2773 3666 3014 3759 ἔστιν,
3071 3659 3276 3757 ὅμως
3327 3675 3588 3742 κινεῖσ-

656 3814 804 3887 θαι
880 3819 1073 3912 φησι
1148 3808 1248 3887 τὰ
1320 3811 1548 3907 ὄντα,
1637 3811 1782 3890 οὐκ
1862 3813 2092 3899 ὄντος
2162 3814 2411 3889 κενοῦ.
2514 3826 2605 3888 ut
2675 3815 2979 3890 dicatur
3054 3816 3583 3915 Anaxagoras,

657 3963 1016 4061 quamvis
1073 3964 1158 4038 in
1216 3990 1309 4040 eo
1369 3966 1544 4065 ipso
1609 3963 1849 4040 fuerit
1905 3977 2369 4063 occupatus,
2442 3977 2534 4038 ut
2589 3990 2755 4039 non
2811 3990 2978 4041 esse
3030 3967 3271 4042 inane
3324 3979 3580 4041 osten-

657 4117 906 4206 deret,
971 4128 1236 4192 tamen
1297 4140 1391 4192 eo
1453 4143 1618 4194 non
1684 4117 1928 4193 fuisse
1992 4130 2452 4220 centenum,
2534 4117 2669 4193 sed
2728 4131 3040 4192 motum
3101 4117 3335 4193 rebus
3396 4141 3581 4191 con-

660 4269 999 4345 cessisse.
