4125 5309
1944 559 2051 648 31

742 798 1204 876 Rectissime
1283 796 1412 871 hic
1491 796 1681 871 Cod.
1750 795 1959 894 Lips„
2031 796 2348 894 praebet
2422 796 2901 895 singularem
2979 822 3450 889 numerum,

543 947 679 1045 qui
731 946 962 1045 plane
1015 946 1485 1044 requiritur,
1547 945 1723 1043 ἤτοι
1774 946 1862 1034 ἐξ
1922 944 2253 1040 ὁμοίου
2306 942 2361 1044 ῆ
2414 946 2504 1034 ἐξ
2567 931 3036 1042 ἀνομοίου
3086 953 3458 1049 γενέσθαι

540 1098 627 1175 τὸ
677 1096 1166 1199 γιγνόμενον,
1239 1099 1919 1198 quemadmodum
1989 1100 2226 1175 etiam
2293 1098 2744 1199 Simplicius
2815 1104 3004 1180 dixit
3056 1104 3455 1209 Ἀγένητον

535 1254 616 1329 δὲ
671 1253 1058 1329 ἐδείκνυεν
1110 1260 1193 1329 ἐκ
1239 1250 1382 1328 τοῦ
1434 1257 1595 1325 δεῖν
1645 1247 1735 1324 τὸ
1783 1244 2239 1347 γιγνόμενον
2284 1243 2339 1346 ἢ
2390 1248 2482 1336 ἐξ
2527 1245 2800 1342 ὁμοίου
2852 1250 2907 1351 ἢ
2951 1256 3041 1344 ἐξ
3075 1254 3450 1355 ἀνομοίου

536 1404 967 1510 γίγνεσθαι.
1079 1404 1542 1499 Sequuntur
1589 1397 1745 1497 jam
1798 1399 2025 1489 haec,
2079 1422 2280 1498 quae
2330 1400 2638 1497 gravius
2689 1404 2946 1481 vitiata
2999 1424 3221 1484 sunt:

737 1550 1104 1627 Δυνατὸν
1156 1551 1237 1625 δὲ
1278 1547 1729 1649 οὐδέτερον·
1799 1548 1978 1626 οὔτε
2026 1547 2175 1647 ’γάρ
2229 1544 2496 1642 ὅμοιον
2542 1546 2673 1650 ὑφ’
2723 1550 2996 1646 ὁμοίου
3043 1559 3452 1657 προςήκειν

534 1701 1022 1798 τεκνωθῆναι
1086 1701 1383 1793 μᾶλλον
1446 1694 1498 1798 ἧ
1559 1700 1969 1776 τεκνῶσαι·
2042 1695 2290 1775 ταύτά
2341 1695 2486 1797 γάρ
2552 1695 2861 1774 ἅπαντα
2913 1717 3081 1788 τοῖς
3126 1735 3215 1803 γε
3266 1713 3455 1797 ἴσοις

533 1851 585 1952 ἢ
620 1852 935 1955 ,ὁμοίοις
982 1848 1376 1949 ὑπάρχειν
1426 1848 1622 1948 πρὸς
1673 1849 2007 1948 ἄλληλα,
2062 1846 2221 1926 οὔτ’
2266 1846 2364 1925 ἂν
2416 1850 2503 1938 ἐξ
2541 1847 2914 1945 ἀνομοίου
2961 1854 3054 1930 τὸ
3093 1855 3459 1956 ἀνόμοιον

532 2007 918 2102 γενέσθαι.

733 2127 1165 2256 Corrigunt
1217 2123 1327 2226 ex*
1360 2152 1550 2239 Cod.
1604 2151 1811 2250 Lips.
1866 2151 2198 2228 Brandis
2265 2151 2352 2226 in
2424 2155 2736 2226 Comm.
2791 2153 3058 2232 Eleatt.
3113 2185 3187 2258 p.
3228 2166 3324 2232 26
3378 2180 3454 2239 et

536 2311 861 2382 Karsten
916 2305 1001 2376 in
1055 2302 1417 2401 Xenoph.
1470 2327 1545 2400 p.
1596 2308 1772 2375 101:
1822 2314 1990 2387 τοῖς
2039 2332 2129 2401 γε
2181 2308 2365 2387 ἴσως
2416 2298 2734 2396 ὁμοίως,
2789 2317 2867 2379 at
2915 2333 3059 2383 nec
3112 2325 3285 2410 apta
3339 2330 3453 2391 est

535 2455 665 2530 illa
705 2453 1126 2538 sententia,
1179 2476 1442 2550 neque
1494 2465 1610 2526 est
1656 2477 1742 2527 ea
1774 2454 1982 2552 Lips.
2035 2453 2214 2528 libri
2264 2455 2687 2552 scriptura,
2741 2456 2875 2531 sed
2910 2461 3157 2535 ταῦτα
3194 2508 3285 2522 -
3323 2469 3451 2542 καὶ

533 2607 837 2703 ὁμοίως.
914 2610 1091 2681 Imo
1125 2604 1758 2680 emendandum:
1823 2607 2121 2680 ταῦτα
2171 2605 2318 2705 γὰρ
2361 2602 2676 2680 ἅπαντα
2711 2621 2880 2694 τοῖς
2921 2639 3009 2706 γε
3053 2617 3245 2701 ἴσοις
3296 2587 3449 2692 καὶ

533 2758 575 2834 ὁ
588 2761 849 2855 μοίοι
871 2788 909 2844 ς
958 2755 1066 2866 οὐ
1080 2787 1148 2852 χ
1189 2753 1580 2856 ὑπάρχειν
1610 2756 1809 2856 πρὸς
1842 2757 2167 2855 ἄλληλα,
2204 2760 2253 2832 i.
2278 2783 2340 2833 e.
2368 2757 2459 2833 τὸ
2492 2760 2864 2833 τεκνῶσαι
2898 2761 3025 2835 καὶ
3061 2761 3152 2837 τὸ
3182 2790 3450 2842 τεκνω-

531 2914 809 3010 θῆναι·
884 2911 1095 2987 idem
1146 2923 1291 2998 est,
1346 2909 1563 3007 quod
1617 2907 2070 3008 Simplicius
2126 2908 2313 2983 dicit
2364 2905 2564 2985 ἀλλὰ
2612 2908 2703 2984 τὸ
2751 2911 2891 3002 μὲν
2940 2907 3210 3004 ὅμοιον
3259 2912 3450 2988 ἀπα·
3505 2969 3510 2976 -

531 3064 678 3147 θές
743 3068 981 3163 φησιν
1043 3056 1202 3135 ὑπὸ
1262 3061 1406 3136 τοῦ
1473 3059 1770 3154 ὁμοίου.
1895 3059 2114 3135 Adde
2187 3063 2384 3135 Sext.
2451 3060 2745 3158 Empir.
2815 3064 3095 3159 Hypot.
3150 3066 3210 3138 I.
3262 3070 3448 3137 225:

531 3207 943 3307 ἐδογμάτιζ
946 3238 981 3284 ε
1046 3210 1128 3284 δὲ
1191 3207 1643 3312 Ξενοφάνης
1686 3211 1901 3311 παρά
1951 3210 2095 3296 τὰς
2145 3211 2308 3285 τῶν
2353 3188 2615 3286 ἄλλων
2665 3206 3115 3310 ἀνθρώπων
3165 3212 3488 3312 προλῆῃ

528 3371 707 3450 ψείς
773 3366 857 3437 ἓν
919 3357 1133 3437 εἶναι·
1184 3362 1274 3438 τὸ
1338 3367 1499 3439 πᾶν
1560 3365 1690 3439 καὶ
1750 3365 1891 3439 τὸν
1941 3364 2148 3440 θεὸν·
2186 3364 2510 3465 συμφυῆ
2563 3375 2732 3448 τοῖς
2779 3363 3048 3455 πᾶσιν,
3120 3361 3315 3442 εἶναι
3363 3369 3446 3443 δὲ

530 3497 978 3613 σφαιροειδῆ
1028 3516 1157 3589 καὶ
1203 3512 1484 3612 ἀπαθῆ
1527 3517 1659 3592 καὶ
1693 3515 2224 3616 ἀμετάβλητον
2256 3514 2384 3589 καὶ
2420 3509 2749 3611 λογικόν.
2838 3516 3144 3592 Deinde
3178 3532 3443 3594 autem

530 3665 695 3740 cod.
749 3629 955 3766 LiPS.
1009 3694 1172 3745 non
1228 3666 1318 3744 τὸ
1367 3665 1734 3762 ἀνόμοιον
1782 3695 1926 3769 pro
1979 3666 2136 3745 οὔτ’
2193 3665 2952 3767 &auduom-praebet,
3021 3668 3154 3744 sed
3208 3670 3446 3768 paulo

528 3816 814 3891 rectius
873 3815 1408 3915 τάνόμοιον.
1537 3813 1545 3818 ’

729 3965 1065 4041 Omissis
1146 3967 1232 4041 in
1303 3968 1739 4068 praesentia
1820 3967 1990 4045 aliis
2062 3965 2305 4066 hujus
2377 3968 2645 4067 capitis
2715 3969 2941 4058 locis,
3031 3971 3165 4068 qui
3236 3966 3438 4045 facili

526 4118 999 4218 plerumque
1045 4119 1362 4217 negotio
1403 4120 1685 4219 corrigi
1728 4132 2103 4218 possunt,
2155 4118 2435 4195 accedo
2488 4120 2583 4195 ad
2629 4117 2872 4216 hujus
2923 4118 3159 4218 partis
3214 4131 3444 4217 caput

527 4269 885 4346 alterum.
