4125 5309
2124 594 2241 685 34

713 831 1066 923 citatem3
1137 843 1256 908 est
1317 829 1534 906 enim
1602 833 1787 917 ἶσως
1848 834 2125 927 ἔχοντι
2183 833 2397 911 idem
2461 832 2680 934 quod
2742 820 2829 911 εὖ
2877 830 3009 909 καὶ
3053 833 3316 920 καλῶς
3367 837 3640 933 ἔχοντι

565 987 571 993 ’
637 1028 655 1042 ·
709 989 895 1070 ἴσως
943 982 1233 1070 ἄλλοις.

910 1141 994 1214 Ρ.
1033 1143 1205 1214 978.
1258 1135 1348 1212 A.
1395 1139 1532 1206 2⁰:
1583 1130 1743 1209 Ἔτι
1801 1131 1884 1209 δὲ
1945 1131 2396 1233 σφαιροειδῆ
2460 1128 2650 1207 ὄντα
2710 1127 3005 1232 ἀνάγκη
3076 1134 3324 1234 πέρας
3384 1140 3636 1231 ἔχειν·

709 1297 1011 1390 ἔσχατα
1041 1288 1189 1389 γὰρ
1225 1295 1416 1386 ἔχει,
1450 1291 1661 1387 εἴπερ
1691 1286 1931 1382 μέσον
1960 1292 1999 1364 ἔ
1995 1315 2132 1383 χει
2159 1281 2409 1361 αὐτοῦ
2434 1284 2577 1359 τοῦ
2604 1288 2973 1360 πλεῖστον
2998 1279 3358 1381 ἀπέχειν·
3401 1284 3640 1380 μέσον

706 1443 768 1522 δ’
807 1451 1011 1543 ἔχει,
1067 1440 1551 1544 σφαιροειδὲς
1585 1437 1701 1515 ὃν·
1741 1440 1978 1515 τοῦτο
2022 1437 2175 1539 γάρ
2217 1444 2378 1517 ἐστι
2422 1438 2944 1541 σφαιροειδὲς,
2987 1432 3031 1512 ὃ
3085 1443 3168 1514 έκ
3211 1440 3355 1514 τοῦ
3394 1438 3634 1533 μέσου

707 1591 994 1689 ὁμοίως
1024 1590 1229 1693 πρὸς
1257 1588 1356 1667 τὰ
1389 1595 1691 1686 ἔσχατα
1710 1612 1727 1629 ·
1769 1589 1987 1684 σῶμα
2022 1595 2326 1686 ἔσχατα
2356 1585 2411 1690 ἢ
2443 1590 2743 1688 πέρατα
2775 1594 2815 1667 ἔ
2809 1616 3013 1686 χειν,
3054 1583 3227 1665 οἷον
3257 1597 3631 1691 διαφορεῖ.

910 1742 1104 1818 Cod.
1145 1740 1359 1840 Lips.
1410 1733 1656 1813 αὐτοῦ
1706 1760 1782 1811 τ’·
1829 1725 1927 1813 οὗ
1978 1741 2348 1814 πλεῖστον
2398 1734 2724 1835 ἀπέχει,
2776 1751 3009 1838 atque
3061 1738 3351 1838 ἀπέχει
3399 1742 3635 1819 etiam

705 1895 836 1975 alii
888 1894 1114 1971 codd.
1165 1893 1378 1993 apud
1429 1889 1905 1980 Bekkerum3
1972 1891 2209 1966 verba
2270 1891 2507 1967 τοῦτο
2556 1888 2708 1991 γάρ
2761 1895 2920 1969 ἐστι
2971 1894 3485 1995 σφαιροειδές,
3555 1890 3633 1987 ὃ,

707 2067 909 2145 quae
960 2042 1422 2120 Brandisius
1473 2066 1549 2140 p.
1591 2048 1680 2111 81
1740 2040 1933 2117 dicit
1979 2066 2072 2117 ex
2123 2042 2294 2118 cod.
2345 2043 2560 2142 Lips.
2610 2041 3058 2132 accessisse,
3123 2067 3642 2144 nequaquam

704 2198 792 2271 in
860 2220 955 2271 eo
1007 2195 1421 2294 leguntur,
1490 2193 1631 2270 sed
1683 2193 2020 2284 desunt,
2077 2207 2157 2269 et
2203 2218 2349 2294 pro
2400 2190 2494 2269 ὂν
2542 2193 2830 2294 legitur
2880 2191 2925 2268 ὁ
2973 2194 3114 2289 μὲν
3171 2197 3286 2286 ÷,
3349 2194 3634 2271 deinde

706 2346 1019 2424 exhibet
1068 2346 1287 2439 σῶμα
1339 2340 1401 2419 δ’
1445 2356 1522 2420 et
1569 2344 1952 2446 διαφέρει.
2065 2345 2219 2421 Sed
2271 2345 2500 2421 nullo
2552 2359 2776 2446 pacto
2828 2342 3013 2420 ferri
3066 2359 3355 2444 potest,
3397 2321 3633 2446 ‘quod

704 2496 1169 2575 Brandisius
1237 2494 1581 2610 scripsip:
1667 2495 1887 2591 σῶμα
1955 2503 2257 2595 ἔσχατα
2324 2505 2540 2597 ἔχειν
2599 2496 2654 2598 ἢ
2712 2500 2961 2600 πέρας
3023 2495 3195 2576 οἷον
3250 2508 3630 2604 διαφέρει,
3676 2559 3681 2565 -

704 2651 858 2726 hoc
936 2648 1156 2724 enim
1234 2659 1474 2737 esset,
1558 2648 1800 2717 miram
1877 2658 2200 2747 quantum
2280 2650 2632 2722 intercedit
2707 2651 3104 2739 descrimen,
3186 2674 3376 2725 cum
3447 2675 3634 2726 con-

705 2802 1038 2880 trarium
1112 2799 1372 2900 potius
1443 2812 1978 2898 consequatur
2041 2825 2134 2875 ex
2195 2800 2332 2890 iis,
2399 2825 2600 2901 quae
2666 2798 3119 2876 Aristoteles
3172 2800 3631 2900 disputavit.

703 2957 821 3030 Ita
884 2952 1148 3052 potius
1212 2948 1343 3023 hic
1410 2945 1636 3021 locus
1700 2943 2325 3025 conformandus
2393 2962 2542 3024 est:
2598 2948 2757 3026 Ἔτι
2806 2951 2888 3027 δὲ
2941 2954 3393 3053 σφαιροειδῆ
3445 2950 3632 3028 ὄντα

705 3098 1000 3201 ἀνάγκη
1055 3100 1303 3198 πέρας
1355 3103 1610 3193 ἔχειν·
1676 3100 1978 3193 ἔσχατα
2023 3094 2172 3198 γάρ
2212 3104 2418 3195 ἔχει,
2472 3102 2679 3197 εἴπερ
2716 3099 2956 3194 μέσον
2994 3106 3196 3198 ἔχει,
3252 3096 3298 3177 ὃ
3347 3099 3650 3179 αὐτοῦ·

704 3252 870 3328 τοῦ
948 3247 1304 3327 κύκλου
1382 3252 1753 3324 πλεῖστον
1820 3244 2148 3344 ἀπέχει·
2242 3248 2480 3342 μέσον
2550 3245 2610 3324 δ’
2679 3254 2884 3345 ἔχει,
2960 3252 3443 3352 σφαιροειδὲς
3503 3250 3630 3327 ὃν·

703 3403 942 3478 τοῦτο
984 3396 1133 3501 γάρ
1180 3406 1339 3478 ἔστι
1382 3398 1904 3504 σφαιροειδές,
1959 3393 2001 3474 ὃ
2041 3403 2125 3475 ἐκ
2157 3399 2301 3475 τοῦ
2337 3399 2580 3494 μέσου
2619 3396 2906 3494 ὁμοίως
2939 3399 3141 3501 πρὸς
3173 3400 3273 3476 τά
3307 3406 3640 3496 ἔσχατα·-

707 3558 966 3652 σῶμα
1044 3552 1107 3631 δ’
1163 3561 1464 3651 ἔσχατα
1529 3558 1747 3648 ἔχειν
1807 3546 1864 3650 ἢ
1923 3553 2172 3651 πέρας
2253 3548 2533 3628 οὐδὲν
2623 3554 3104 3652 διαφέρει.
3219 3557 3645 3630 Praetereo

707 3708 891 3798 alia,
962 3729 1164 3807 quae
1229 3706 1871 3806 subsequuntur,
1943 3717 2021 3779 et
2088 3703 2370 3781 accedo
2441 3705 2540 3782 ad
2603 3704 2876 3782 Iocum
2943 3705 3126 3782 satis
3192 3703 3633 3797 difficilem,

708 3880 951 3957 quem
1005 3878 1096 3930 ex
1145 3866 1361 3954 parte
1413 3867 1621 3930 recte
1669 3850 1824 3953 jam
1883 3854 2267 3954 expedivit
2316 3855 2801 3932 BrandisiuS.

905 4009 992 4081 P.
1034 4012 1204 4080 978.
1266 4009 1350 4082 Β.
1398 4013 1528 4079 15:
1598 4002 1856 4082 Πάλιν
1917 4006 2096 4105 περὶ
2158 4007 2301 4083 τοῦ
2365 4002 2736 4106 ἀκίνητον
2801 4001 2999 4084 εἶναι
3058 4002 3150 4078 τὸ
3203 4008 3288 4081 ἓν
3349 4003 3480 4079 καὶ
3541 4001 3634 4077 τὸ

707 4154 821 4252 ὃν,
888 4154 1011 4233 ὅτι
1069 4154 1200 4232 καὶ
1257 4154 1351 4231 τὸ
1410 4150 1502 4230 ὃν
1562 4166 1918 4249 κινεῖται,
1985 4158 2169 4240 ἴσως
2232 4152 2522 4249 ὁμοίως
2584 4166 2753 4241 τοῖς
2806 4160 3245 4256 ἔμπροςθεν
3291 4152 3628 4230 ἄτοπον·

707 4307 837 4383 καὶ
888 4313 1002 4385 ἔτι
1050 4296 1201 4408 ἀρά
1247 4336 1334 4406 γε
1386 4304 1482 4383 οὐ
1531 4302 1773 4383 ταύτὸ
1825 4300 1927 4382 ἂν
1974 4330 2095 4391 τις
2141 4300 2527 4394 ὑπολάβοι
2574 4304 2664 4381 τὸ
2709 4305 2812 4408 μὴ
2867 4313 3249 4384 κινεῖσθαι
3296 4304 3429 4381 καὶ
3477 4302 3631 4381 ἀκὶ·
