4125 5309
2135 570 2190 659 7
2276 529 2282 536 ,

683 801 926 880 ficisei
962 816 1435 904 potuenmt,
1487 828 1689 906 quae
1721 804 1849 883 vel
1876 806 2222 908 indigna
2249 817 2448 882 -suut
2481 805 2635 882 hoc
2672 804 3159 906 philosopho:
3188 801 3316 879 vel
3346 817 3608 908 aperte

682 971 1043 1058 pugnant
1100 983 1293 1034 cum
1332 958 1495 1050 iis,
1564 979 1770 1058 quae
1833 955 2015 1035 alibi
2088 956 2684 1057 Theophrastus
2755 954 3188 1031 memoriae
3260 952 3610 1053 prodidit

679 1106 801 1183 de·
852 1107 1157 1194 horum
1236 1105 1907 1208 philosophorum
1979 1105 2321 1208 placitis.
2425 1110 2703 1207 Itaque
2763 1127 2917 1206 ego
2989 1107 3314 1207 quidem
3386 1107 3608 1183 hunc

670 1257 1040 1337 libellum
1110 1273 1274 1337 tam
1328 1258 1917 1359 Theophrasto,
1991 1283 2235 1359 quam
2285 1257 2682 1335 Aristoteli
2747 1256 3370 1357 abjudicandum
3424 1282 3605 1336 cen·

615 1405 619 1410 ⁹
674 1436 848 1505 seo,
916 1413 1025 1489 ita
1091 1425 1359 1489 autem
1418 1409 1767 1488 -arbitror
1814 1409 2060 1510 hujus
2114 1412 2373 1511 operis
2425 1411 2890 1510 scriptorem
2945 1387 3346 1487 versatum
3389 1436 3603 1503 esse,

671 1578 766 1641 ut
814 1566 1243 1642 maximam
1296 1565 1600 1665 partem
1656 1565 1754 1643 ad
1806 1563 2451 1664 Theophrastum
2503 1588 2586 1640 se
2638 1580 3190 1665 componeret,
3244 1567 3389 1645 alia
3434 1569 3604 1670 ipse

672 1715 1073 1817 adjiceret.
1199 1715 1352 1793 Sed
1425 1731 1853 1818 antequam
1936 1715 2380 1793 accuratius
2448 1714 2826 1792 disseram
2893 1715 2990 1792 de
3047 1714 3293 1815 hujus
3355 1716 3601 1793 libelli

672 1881 1028 1959 auctore,
1104 1868 1690 1968 inquirendum
1780 1881 1896 1943 est
1965 1867 2051 1941 in
2123 1890 2296 1943 eam
2372 1863 2752 1941 orationis
2838 1861 3603 1955 conformationem,

675 2020 1003 2120 quaein
1055 2019 1348 2095 nostris
1397 2016 1880 2094 editionibus
1919 2016 2332 2116 reperitur.
2398 2017 2765 2112 Namque
2807 2023 2983 2087 tum
3026 2013 3357 2088 demum
3391 2025 3599 2088 recte
3677 2089 3683 2094 ,

671 2173 854 2253 satis
919 2184 997 2249 et
1056 2172 1336 2250 ordine
1400 2182 1662 2270 potest
1722 2168 2114 2270 proficisci
2183 2168 2610 2268 disputatio
2647 2162 2795 2241 'illa
2864 2165 2960 2240 de
3012 2164 3191 2240 libri
3244 2178 3599 2257 auctore,

668 2324 810 2401 ubi
865 2323 1089 2424 prius
1132 2322 1694 2400 examinaveris
1754 2320 1950 2423 quid
2009 2344 2335 2421 quoque
2390 2319 2568 2396 loco
2621 2320 2726 2396 sit
2772 2318 3183 2419 scriptum.
3281 2319 3598 2394 Etenim

669 2477 801 2553 hic
858 2473 1176 2550 libellus
1225 2474 1767 2576 gravissimam
1820 2473 2209 2549 contraxit
2253 2471 2552 2563 labem,
2625 2472 2731 2547 ita
2778 2484 2872 2546 ut
2936 2468 3214 2545 nullus
3276 2469 3437 2548 fere
3498 2473 3602 2548 sit

668 2646 967 2712 versus,
1016 2623 1217 2725 quin
1257 2624 1893 2701 emendationem
1940 2623 2289 2723 aliquam
2329 2624 2702 2723 requirat.
2779 2627 3290 2722 Quamquam
3331 2638 3597 2701 autem

669 2773 936 2876 plures
976 2771 1140 2872 jam
1193 2772 1573 2849 homines
1614 2773 1867 2865 docti,
1920 2772 2529 2864 Fffllebornius,
2584 2771 3092 2872 Spaldingius
3119 2772 3220 2868 *)‚
3269 2775 3596 2852 Brandi-

666 2925 874 3016 sius,
925 2924 1437 3015 KarsteniUS,
1497 2925 1865 3015 Fossius,
1927 2924 2068 3024 qui
2107 2922 2247 2999 ‘vel
2299 2921 2767 2999 universum
2826 2947 3067 3022 opus,
3117 2925 3240 3000 vel
3290 2935 3593 3026 partem

667 3088 1334 3179 percensuerunt,
1427 3075 1685 3153 multa
1769 3081 1948 3153 vere
2032 3041 2467 3153 correxisse
2557 3076 2931 3172 censendi
2977 3090 3243 3178 sunt,
3327 3092 3593 3155 tamen

667 3225 1129 3304 etiamnunc
1190 3224 1539 3325 plurima
1607 3223 1790 3301 vitia
1862 3237 2329 3324 supersunt.
2436 3226 2535 3300 Et
2599 3223 2836 3298 multi
2897 3224 3226 3322 quidem
3288 3195 3592 3303 errores

671 3374 951 3475 corrigi
997 3385 1339 3475 possunt
1381 3368 1763 3448 facillimo
1810 3369 2172 3472 negotio,
2223 3374 2292 3450 si
2339 3373 2521 3475 quis
2560 3374 2659 3451 ad
2699 3372 3055 3451 codicem
3098 3374 3589 3475 Lipsiensem

667 3539 1023 3603 accurate
1059 3549 1144 3602 se
1177 3522 1712 3625 applicaverit,
1758 3547 2008 3626 quem
2052 3525 2652 3628 diligentissime
2692 3523 3354 3603 contulit'Christ.
3388 3531 3589 3605 Dan.

668 3676 999 3756 Beckins
1034 3676 1174 3776 **),
1240 3672 1379 3751 sed
1436 3698 1926 3780 quamquam
1991 3674 2082 3751 in
2141 3701 2461 3780 nupera.
2504 3675 2821 3754 Bekkeri
2879 3679 3342 3755 recensione
3393 3677 3590 3754 ratio

769 3904 826 3974 *)
868 3905 1156 3976 Spaldingii
1191 3903 1619 3958 commentarium
1665 3906 1721 3956 in
1765 3906 1915 3973 prim.
1958 3911 2094 3973 part.
2131 3904 2296 3957 libelli
2331 3908 2396 3959 de
2434 3906 2699 3975 Xenoph,
2749 3905 2948 3957 Zenone
2982 3911 3033 3955 et
3071 3903 3227 3977 Gorg.
3281 3904 3393 3955 Hal.
3430 3904 3589 3966 1792,

867 3999 1005 4069 quod
1035 4015 1188 4071 aegre
1219 4000 1357 4060 fero,
1392 4016 1494 4050 non
1525 3997 1674 4051 licuit
1706 3998 1832 4049 mihi
1863 4000 2140 4068 inspicere,
2174 4000 2280 4051 σαὶ·
2299 4017 2360 4051 ex
2384 3999 2604 4052 aliorum
2628 4005 2826 4050 tantum
2857 3999 3332 4049 commemoratione
3356 4000 3572 4071 cognovi

732 4092 824 4165 ³³)
863 4094 1121 4149 Solemnio
1153 4094 1433 4146 Doctorum
1464 4092 1821 4162 philosophiae
1850 4099 1902 4146 et
1937 4094 2300 4166 magistrorum
2334 4096 2522 4146 artium
2556 4112 2606 4148 a.
2638 4096 2690 4146 d.
2727 4091 3036 4178 XIV-Febr.
3071 4093 3439 4146 muccxcm»
3461 4095 3590 4147 nnti-

865 4207 966 4260 quo
998 4191 1105 4241 rito
1150 4190 1484 4241 creandorum
1518 4188 1700 4239 indicit
1734 4186 1855 4238 Chr.
1890 4186 2016 4237 Dan.
2057 4185 2290 4239 Beckinu.
2347 4187 2633 4240 Praemisso
2666 4193 2745 4239 est
2778 4187 2997 4241 varietas
3034 4186 3266 4240 lectionis
3298 4186 3588 4240 libellorum

865 4280 1304 4336 Aristotelicorum
1339 4299 1405 4334 ex
1437 4283 1614 4337 codice
1647 4283 1899 4354 Lipsimi
1934 4282 2215 4354 dilig-entur
2248 4289 2466 4336 enotata.
