4125 5309
1899 539 1998 629 9.

484 777 855 857 Melissus
920 775 1188 855 autem
1254 772 1580 850 initium
1653 787 1964 873 ceperat
2025 772 2174 864 ita,
2242 785 2336 848 ut
2393 770 2765 849 Nihilu'm
2829 775 3005 854 esse'
3061 782 3414 890 negaret,

485 953 877 1032 quorsum
930 937 1289 1027 spectant
1337 947 1460 1015 ea,
1514 927 1718 1024 quae
1758 923 2218 1025 Simplicius
2268 923 2358 998 in
2394 922 2625 1022 Phys.
2669 927 2756 1001 F.
2792 930 2929 1002 22.
2958 926 3009 1002 b
3052 927 3416 1006 servavit:

484 1095 653 1170 τοῖς
729 1081 879 1183 γὰρ
959 1080 1124 1157 τῶν
1200 1080 1562 1182 φυσικῶν
1625 1075 2013 1194 ἀξιώμασι
2076 1075 2576 1179 χρησάμενος
2650 1075 2693 1152 ὁ
2761 1077 3160 1166 Μέλισσος
3237 1051 3418 1181 περὶ

481 1233 860 1332 γενέσεως
909 1230 1042 1307 καὶ
1093 1232 1412 1336 φθορᾶς
1462 1228 1794 1332 ἄρχεται
1837 1230 1984 1307 τοῦ
2033 1225 2632 1330 συγγράμματος
2679 1226 2967 1318 οὕτως·
3033 1236 3131 1310 Εἰ
3177 1205 3419 1336 μηδὲν

485 1390 675 1476 ἔστι,
740 1380 920 1482 περὶ
986 1376 1277 1459 τούτου
1343 1382 1427 1459 τί
1488 1377 1591 1459 ἂν
1653 1383 1960 1480 λέγοιτο
2019 1379 2131 1468 ὠς
2181 1380 2449 1468 ἐόντος
2496 1377 2742 1468 τινός·
2811 1385 2879 1462 εἰ
2923 1384 3009 1460 δέ
3059 1411 3136 1462 τι
3184 1393 3413 1485 ἔστιν,

480 1536 659 1637 ἤτοι
703 1529 1113 1635 γινόμενόν
1163 1539 1371 1612 ἐστιν
1377 1594 1403 1629 ,
1455 1530 1512 1635 ἢ
1561 1530 1684 1612 ἀεὶ
1735 1533 1914 1614 ἐόν·.
1962 1531 2127 1611 ἀλλ’
2183 1539 2249 1613 εἰ
2291 1532 2732 1634 γινόμενον,
2782 1534 2962 1633 ἤτοι
3010 1540 3118 1629 ἐξ·
3151 1539 3416 1631 ἐόντος

479 1679 536 1785 ἢ
593 1689 677 1763 ἐκ
725 1682 830 1785 μὴ
885 1679 1187 1770 ἐόντος·
1254 1681 1421 1760 ἀλλ’
1474 1683 1658 1762 οὔτε
1708 1689 1794 1763 ἐκ
1841 1683 1946 1786 μὴ
2002 1666 2273 1772 ἐόντος
2322 1680 2493 1762 οἶόν
2531 1709 2617 1760 τε
2659 1687 3027 1783 γίνεσθαί
3058 1716 3180 1787 τι,
3233 1691 3419 1772 οὔτε

483 1837 678 1914 ἄλλο
748 1837 890 1932 μὲν
957 1832 1216 1912 οὐδὲν.
1252 1831 1416 1928 ἐόν,
1500 1837 1776 1939 πολλῷ
1848 1837 1932 1913 δὲ
1995 1836 2295 1930 μᾶλλον
2355 1833 2447 1911 τὸ
2509 1833 2786 1921 ἁπλῶς
2853 1833 3014 1914 ἐόν·
3091 1838 3273 1919 οὔτε
3330 1834 3419 1922 ἐκ

483 1988 628 2064 τοῦ
687 1983 990 2073 ἐόντος·
1067 1989 1179 2085 εἴη
1231 1982 1382 2086 γὰρ
1443 1981 1544 2061 ἂν
1594 1983 1804 2063 οὕτω
1855 1984 1987 2062 καὶ
2039 1983 2137 2063 οὗ
2183 1986 2482 2085 γίνοιτο
2505 2009 2522 2027 ·
2617 1983 2763 2063 οὐκ
2811 1985 2961 2089 ἄρα
3009 1988 3418 2089 γινόμενόν
3555 2070 3563 2082 ,

485 2140 645 2216 ἐστι
687 2133 780 2213 τὸ
828 2131 980 2212 ἐόν·
1027 2130 1148 2210 ἀεὶ
1195 2132 1328 2240 ἐὰν
1372 2133 1521 2236 ἄρα
1566 2140 1794 2214 ἐστιν.
1873 2141 2391 2238 Quamquam
2425 2135 2810 2238 Simplicii
2842 2140 3072 2218 verba
3104 2169 3274 2222 non
3307 2149 3416 2228 ita

484 2301 688 2368 suntx
744 2282 1245 2387 explicanda,
1316 2308 1404 2361 ac
1466 2286 1531 2361 si
1594 2283 1764 2372 hocj
1811 2286 2084 2386 ipsum
2136 2286 2395 2386 operis
2444 2296 2649 2362 esset
2697 2289 3149 2379 exordium,
3220 2287 3442 2372 nam‘

484 2439 694 2517 nihil
752 2436 972 2515 aliud
1018 2436 1455 2528 indicatur,
1525 2460 1768 2535 quam
1816 2435 2025 2513 hauc
2076 2436 2320 2512 fuisse
2368 2434 2713 2536 primam
2766 2434 3423 2536 disputationem.-

483 2595 761 2691 ltaque
788 2585 1007 2688 quod
1035 2582 1489 2698 Aristoteles
1525 2583 1742 2683 (nam
1777 2583 1931 2660 hoc
1966 2583 2302 2661 nomine
2331 2582 2728 2664 brevitatis
2757 2608 2988 2662 causa
3023 2589 3413 2688 appellare

339 2732 346 2740 ·
480 2742 675 2821 libet
724 2711 1129 2819 auctorem
1196 2734 1442 2835 hujus
1494 2734 1794 2836 libeni)
1831 2737 2242 2833 ἐνδέχεται
2296 2735 2528 2826 dixit,
2591 2735 2680 2811 id·
2728 2735 3099 2815 Melissus
3159 2735 3414 2818 οἷόντε

479 2892 600 2969 vel
654 2891 841 2969 alias
887 2887 1214 2967 fortasse
1265 2885 1608 2965 ἀνυστὸν
1641 2887 1873 2981 dixit,
1927 2887 2617 2989 quemadmodum
2672 2901 2789 2964 est
2826 2890 2954 2964 Fr.
2993 2895 3075 2963 7³
3126 2886 3223 2965 οὐ
3261 2885 3410 2988 γὰρ

481 3040 601 3121 ἀεὶ
650 3038 849 3120 εἶναι
898 3034 1259 3134 ἀνυστὸν,
1315 3037 1437 3117 ὅτι
1481 3029 1586 3141 μὴ
1638 3042 1802 3118 πᾶν
1846 3046 2088 3133 ἐστιν;
2154 3064 2346 3119 nam
2396 3040 2850 3118 Aristoteles
2898 3043 3409 3148 sententiam3

478 3219 647 3269 uon
699 3194 870 3294 ipsa
921 3191 1225 3267 Melissi
1274 3193 1509 3269 verba
1559 3193 1908 3269 servavit.
2010 3196 2196 3270 Jam
2249 3191 2471 3292 quod
2519 3190 2809 3292 legitur
2856 3192 3072 3293 apud
3111 3193 3408 3274 Aristo-

484 3343 755 3420 telem:
823 3342 926 3432 ἐξ·
963 3338 1286 3426 οὐδενὸς
1334 3339 1485 3441 γὰρ
1534 3337 1802 3420 αὐτῶν
1849 3337 1951 3418 ἄν
1980 3339 2396 3441 γινόμενα,
2459 3342 2601 3418 ubi
2652 3338 3046 3419 Bekkerus
3097 3341 3411 3420 nullam

478 3494 779 3572 notavit
841 3485 1203 3570 lectionis
1267 3490 1753 3584 varietatem,
1821 3471 2229 3574 sententia,
2266 3491 2597 3593 quidem
2647 3516 2849 3593 quae
2901 3494 3020 3576 sit2
3048 3520 3217 3571 uon
3273 3498 3410 3574 ob-

479 3668 812 3720 scurum
864 3656 1013 3735 est,
1067 3641 1206 3719 sed
1257 3640 1509 3716 oratio
1558 3664 1848 3740 parum
1901 3653 2294 3730 accurata,
2346 3653 2424 3717 et
2462 3640 2635 3718 cod.
2668 3643 2917 3744 Lips.:
2968 3644 3060 3734 ἐξ
3093 3640 3414 3733 οὐδενὸς

475 3789 626 3894 γὰρ
675 3779 1056 3892 γενέσθαι·
1096 3788 1198 3869 ἂν
1248 3788 1517 3867 αὐτῶν
1561 3785 1967 3890 γινόμενοι,
2034 3792 2280 3893 idque
2330 3791 2915 3874 restituendum
2968 3790 3118 3881 est3
3192 3793 3410 3870 simi-

479 3945 661 4020 liter
724 3943 916 4022 dixit
977 3940 1434 4019 Aristoteles
1501 3941 1734 4042 Phys.
1802 3946 1866 4020 I.
1934 3951 2004 4017 8.
2071 3945 2214 4020 ubi
2277 3943 2707 4022 Eleaticam
2771 3941 3215 4018 doctrinam
3284 3965 3409 4017 ex-

476 4093 737 4194 ponit:
799 4092 964 4170 Ηαὶ
1012 4102 1256 4193 φασιν
1302 4088 1486 4168 οὔτε
1516 4092 1883 4190 γίνεσθαι
1928 4090 2094 4167 τῶν
2145 4089 2400 4169 ὄντων
2446 4088 2691 4172 οὐδὲν,
2719 4091 2902 4171 οὔτε
2924 4092 3413 4194 φθείρεσθαι
3552 4133 3557 4138 -

478 4243 603 4322 διὰ
632 4243 726 4322 τὸ
756 4242 1188 4350 ἀναγκαῖον
1216 4245 1360 4341 μὲν
1391 4239 1590 4323 εἶναι
1634 4247 2156 4350 γίγνεσθαι
2198 4241 2307 4319 τὸ
2348 4243 2925 4343 γιγνόμενον
2969 4239 3025 4342 ἢ
3058 4244 3148 4333 ἐξ
3181 4242 3411 4327 ὄντος

2575 4370 2626 4444 2
