4125 5309
1929 556 2039 647 25

526 793 653 870 01.
692 796 1085 870 LXXXIV
1125 793 1565 892 scripsisse,
1619 815 1774 892 qua
1825 791 2195 868 floruisse
2240 792 2595 868 creditur
2647 795 3097 874 secundum
3137 794 3457 895 Apollo-

526 947 812 1022 dorum
834 1005 853 1036 ,
903 946 1444 1044 Anaxagoram
1480 956 1748 1019 autem
1785 943 1986 1021 circa
2021 945 2341 1044 Olymp.
2368 949 2804 1028 LXXXVII
2840 946 3171 1022 demum
3217 946 3457 1046 scrip'-

524 1096 712 1172 sisse
760 1118 1081 1184 censeo,
1137 1094 1273 1170 sed
1318 1096 1415 1172 de
1461 1095 1607 1172 hac
1650 1119 1735 1170 re
1783 1097 2213 1172 disseretur
2259 1096 2412 1172 alio
2455 1110 2813 1196 tempore
2858 1093 3325 1170 accuratius.

658 1288 664 1294 ·
718 1253 803 1323 P.
857 1254 1025 1321 976.
1095 1224 1178 1324 B'.
1242 1252 1372 1319 12:
1463 1243 1850 1345 Ἀκὶνητον
1913 1244 1974 1323 δ’
2044 1244 2243 1323 εἶναι
2310 1245 2551 1350 φησὶν
2625 1249 2690 1322 εἰ
2749 1244 2976 1319 κενὸν
3038 1240 3140 1342 μή
3211 1249 3454 1321 ἐστιν·

524 1395 836 1473 ἅπαντα
884 1396 1032 1498 γὰρ
1086 1405 1470 1477 κινεῖσθαι
1517 1400 1630 1501 τῷ
1683 1396 2090 1476 ἀλλάττειν
2128 1397 2398 1476 τόπον.
2440 1409 2443 1412 ’
2478 1401 2813 1501 Πρῶτον
2846 1397 2988 1492 μὲν
3025 1386 3173 1472 οὖν
3220 1398 3457 1473 τοῦτο

522 1552 851 1634 πολλοῖς
918 1546 1013 1623 οὐ
1077 1557 1468 1643 συνδοκεῖ,
1535 1547 1702 1626 ἀλλ’
1763 1548 1974 1627 εἶναὶ
2037 1578 2114 1627 τι
2176 1550 2433 1645 κενόν,
2501 1551 2597 1629 οὐ
2644 1552 2911 1648 μέντοι
2960 1546 3196 1625 τοῦτό
3244 1577 3333 1646 γε
3383 1573 3460 1623 τι

522 1700 740 1793 σῶμα
785 1695 1015 1791 εἶναι,
1071 1696 1238 1774 ἀλλ’
1290 1693 1462 1775 οἷον
1503 1698 1637 1773 καὶ
1687 1696 1732 1773 ὁ
1761 1697 2116 1787 “Ησίοὸ“ος
2153 1705 2247 1777 ἐν
2287 1701 2383 1800 τῇ
2423 1702 2718 1798 γενέσει
2753 1702 3080 1802 πρῶτον
3114 1697 3206 1774 τὸ
3244 1695 3487 1795 χάος·

521 1848 715 1950 φησὶ
746 1849 1149 1946 γενέσθαι,
1200 1847 1309 1934 ὠς
1345 1850 1428 1925 δὲ
1465 1847 1749 1951 χώραν
1777 1854 2105 1953 πρῶτον
2135 1849 2529 1954 ὑπάρχειν
2567 1869 2738 1941 τοῖς
2773 1844 3012 1932 οὖσιν.
3080 1854 3459 1929 Τοιοῦτον

521 2003 607 2077 δέ
660 2029 735 2076 τι
781 2001 911 2076 καὶ
964 2000 1055 2076 τὸ
1106 2000 1352 2094 κενόν,
1406 1995 1578 2079 οἷον
1628 2000 1943 2102 ἀγγεῖόν
1992 2032 2069 2080 τι
2108 2003 2268 2082 ἀνά
2315 2008 2554 2100 μέσον
2604 2002 2803 2081 εἶναι
2854 2006 3257 2104 ζητοῦμεν.

724 2153 871 2227 Hic
939 2164 1145 2227 recte
1208 2151 1365 2250 jam
1440 2176 1538 2227 ex
1605 2155 1774 2231 cod.
1840 2156 2085 2255 Lips.:
2144 2160 2219 2232 εἰ
2278 2156 2503 2232 κενὸν
2561 2154 2679 2254 μή
2751 2161 2910 2232 ἐστι
2969 2181 3118 2255 pro
3178 2155 3321 2250 μὲν
3379 2169 3457 2230 et

522 2303 832 2380 ἅπαντα
898 2304 1046 2404 γάρ
1109 2310 1599 2381 κινεῖσθαι
1660 2330 1806 2405 pro
1874 2319 2230 2398 κινεῖται,
2303 2307 2648 2406 denique
2700 2304 2991 2383 τοῦτό
3040 2307 3130 2401 γέ
3182 2332 3258 2381 τι
3306 2331 3453 2406 pro

441 2425 446 2432 .
521 2457 612 2535 τό
646 2461 738 2558 γέ
771 2486 848 2534 τι
883 2459 1340 2534 restitutum
1377 2471 1527 2547 est,
1581 2441 1721 2534 sed
1757 2459 2024 2558 inepta
2062 2471 2255 2532 sunt
2284 2457 2517 2558 plane
2563 2457 2674 2544 ὠς
2716 2459 2801 2534 δὲ
2843 2455 3128 2556 χώραν
3167 2488 3233 2532 κ.
3267 2483 3334 2533 τ.
3383 2464 3451 2533 λ.

521 2635 666 2709 pro
711 2610 1004 2710 quibus
1050 2609 1266 2686 idem
1302 2607 1501 2683 liber
1539 2606 1975 2684 rectissime
2022 2606 2336 2682 exhibet
2376 2605 2486 2695 ὠς
2526 2608 2744 2701 δέον,
2800 2609 3017 2708 quod
3062 2604 3215 2683 fuit
3258 2609 3453 2684 reci-

520 2727 933 2860 piendum.
995 2758 1303 2834 Deinde
1338 2783 1626 2858 parum
1662 2772 1870 2834 recte
1908 2759 2402 2859 disputatum
2443 2772 2591 2849 est,
2630 2784 2974 2837 vacuum
3016 2784 3186 2835 esse
3228 2761 3453 2861 quasi

522 2911 933 2988 vasculum
986 2908 1427 3010 quoddam,
1496 2909 1768 2982 immo·
1819 2921 2449 2984 consentaneum
2503 2920 2650 2996 est,
2717 2908 2954 2983 inane
3006 2907 3213 2986 illud
3263 2934 3451 2984 cum

518 3088 812 3153 vacuo,
865 3061 1083 3162 quod
1124 3061 1436 3137 videtur
1465 3058 1555 3130 in
1596 3055 1914 3133 vasculo
1956 3079 2160 3145 esse,
2204 3053 2673 3153 comparari.
2750 3059 2919 3131 Hoc
2966 3056 3141 3156 ipso
3184 3070 3453 3132 autem

516 3216 882 3317 exemplo
944 3215 1185 3290 etiam
1232 3213 1701 3301 utebantur,
1771 3211 1911 3310 qui
1961 3209 2386 3298 docebant,
2452 3208 2660 3284 nihil
2713 3231 2880 3284 esse
2932 3232 3313 3300 vacuum,
3383 3223 3459 3284 et

522 3366 674 3444 tale
707 3365 1007 3466 aliquid
1041 3364 1337 3466 requiri
1369 3363 1809 3439 osten-dunt
1838 3359 1962 3435 vel
1994 3361 2228 3435 verba
2254 3356 2406 3435 ἀνὰ
2437 3359 2696 3455 μέσον,
2741 3385 2943 3460 quae
2973 3362 3099 3438 vix
3136 3362 3458 3453 habent,

523 3542 686 3618 quo
737 3512 1198 3591 reserantur.
1304 3517 1581 3611 Itaque
1634 3509 1969 3609 conjicio
2021 3509 2533 3590 scribendum
2588 3532 2795 3583 esse:
2868 3506 3050 3585 Ἀλλ’
3102 3506 3277 3588 οἷον
3326 3510 3456 3585 καὶ

522 3665 566 3742 ὁ
603 3664 955 3751 εΗσίοδος
1001 3669 1091 3741 ἐν
1141 3664 1234 3761 τῇ
1283 3662 1579 3761 γενέσει
1619 3662 1938 3760 πρῶτον
1975 3661 2068 3736 τὸ
2112 3658 2323 3759 χάος
2372 3660 2567 3761 φησί
2610 3660 3017 3758 γενέσθαι,
3074 3660 3183 3748 ὠς
3232 3665 3456 3739 δέον

515 3816 805 3915 χώραν
853 3815 1169 3916 πρῶτον
1218 3809 1611 3913 ὑπάρχειν
1659 3824 1829 3898 τοῖς
1871 3799 2134 3904 οὖσιν,
2203 3808 2564 3885 τοιοῦτον
2614 3808 2698 3883 δέ
2752 3833 2828 3882 τι
2875 3808 3005 3884 καὶ
3056 3807 3147 3884 τὸ
3203 3806 3455 3900 κενόν,

516 3965 696 4046 οἷον
765 3966 1080 4067 ἀγγεῖόν
1145 3993 1222 4043 τι
1279 3964 1432 4042 ἀνά
1490 3966 1729 4060 μέσον
1790 3961 2098 4057 κενόν,
2178 3961 2377 4064 εἶναι
2439 3964 2842 4063 ζητοῦμεν.
2968 3957 3082 4037 Cf.
3138 3961 3454 4039 Aristot-

522 4118 754 4217 Phys.
816 4117 1047 4194 Ausc.
1114 4123 1263 4195 IV..
1312 4124 1398 4189 G:
1480 4112 1663 4194 Οἷον
1724 4113 1875 4216 γὰρ
1932 4113 2182 4223 τόπον
2249 4114 2423 4191 τινὰ
2489 4115 2619 4190 καὶ
2683 4110 3000 4211 ἀγγεῖον
3069 4112 3160 4188 τὸ
3230 4110 3456 4188 κενὸν

524 4270 879 4347 τιθέασιν
941 4276 1016 4346 οἱ
1079 4269 1479 4368 λέγοντες,
1558 4276 1769 4345 δοκεῖ
1829 4269 1913 4345 δὲ
1977 4269 2270 4365 πλῆρες
2329 4266 2471 4362 μὲν
2534 4261 2764 4358 εἶναι,
2846 4263 3038 4341 ὅταν
3101 4271 3248 4366 ἔχῃ
3314 4263 3455 4340 τὸν

2608 4389 2665 4463 4
