4125 5309
2096 540 2208 629 22

882 782 965 851 Ρ.
1013 767 1185 850 978.
1237 775 1328 851 Α.
1377 782 1454 848 l:
1519 776 1615 851 Τι’.
1662 773 1756 873 δὴ
1814 770 2129 869 κωλύει,
2200 776 2333 852 καὶ
2384 780 2450 853 εἰ
2496 775 2601 876 μὴ
2657 778 3004 876 ἐγένετο,
3059 781 3279 886 ἔχειν
3328 773 3619 877 ἀρχήν,

678 922 775 1002 οὐ
816 926 1084 1020 μέντοι
1130 953 1219 1024 γε
1274 925 1364 1016 ἐξ
1412 913 1512 1026 ἧς
1558 952 1648 1023 γε
1700 926 2044 1024 ἐγένετο,
2100 922 2303 1003 ἀλλὰ
2352 925 2484 1003 καὶ
2533 927 2849 1028 ἑτέραν·
2929 930 3062 1008 καὶ
3116 926 3316 1009 εἶναι
3363 932 3623 1032 περαί-

674 1102 916 1154 νοντα
968 1076 1169 1178 πρὸς
1214 1075 1519 1176 ἄλληλα
1568 1073 1774 1154 ἀίδια
1834 1077 2045 1154 ὄντα.

880 1229 1093 1301 Haec
1179 1224 1451 1302 leviter
1535 1239 1904 1326 corrupta
1986 1226 2099 1303 sic
2186 1227 2778 1304 emendaverim
2865 1226 3128 1327 ejectis
3212 1228 3622 1330 particulis

681 1372 1106 1454 inutilibus
1155 1406 1245 1476 γε
1310 1390 1389 1453 et
1435 1377 1602 1468 καὶ,
1668 1402 1873 1478 quae
1927 1391 2225 1456 temere
2274 1378 2646 1457 videntur
2695 1380 3069 1481 repetitae
3121 1405 3330 1472 esse,
3393 1383 3475 1458 τὶ
3522 1381 3621 1480 δὴ

682 1527 996 1622 κωλύει,
1067 1527 1200 1604 καὶ
1261 1532 1327 1606 εἰ
1387 1530 1490 1626 μή
1561 1529 1902 1628 ἐγένετο,
1973 1534 2196 1628 ἔχειν
2256 1526 2557 1631 ἀρχήν,
2616 1526 2732 1608 οὐ
2786 1532 3131 1626 μέντοι
3193 1531 3297 1621 ἐξ
3356 1519 3466 1631 ἧς
3524 1559 3625 1630 γε

686 1684 1030 1783 ἐγένετο,
1086 1677 1326 1756 ἀλλὰ
1377 1681 1755 1781 ἑτέραν,
1808 1680 1941 1756 καὶ
1987 1678 2191 1757 εἶναι
2238 1683 2711 1783 περαίνοντα
2762 1680 2964 1783 πρὸς
3010 1678 3354 1778 ἄλληλα,
3419 1678 3624 1758 ἀίδια

682 1834 896 1911 ὄντα.
1007 1835 1383 1908 Ceterum
1452 1829 1808 1908 conferas
1876 1831 2177 1909 Melissi
2247 1832 2869 1933 disputationem
2933 1857 3054 1934 ap.
3117 1832 3471 1934 Simplic.
3538 1833 3626 1910 in

680 1987 914 2087 Phys.
967 2011 1045 2086 p.
1089 1991 1209 2059 22.
1240 1985 1334 2059 b:
1393 1989 1490 2062 Εἰ
1538 1985 1622 2062 δὲ
1675 1983 2022 2085 ἄπειρον,
2078 1991 2197 2063 ἓν·
2254 1989 2321 2062 εἰ
2366 1984 2516 2087 γὰρ
2568 1981 2711 2064 δύο
2761 1989 2873 2084 εἴη
2887 2044 2912 2080 ,
2964 1981 3114 2061 οὐκ
3157 1980 3258 2060 ἂν
3306 1979 3626 2062 δύναιτο

682 2137 964 2239 ἄπειρα
1015 2132 1247 2224 εἶναι,
1296 2133 1460 2212 ἀλλ’
1519 2140 1700 2231 ἔχοι
1750 2131 1852 2210 ἂν
1900 2135 2205 2236 πέρατα
2252 2132 2458 2236 πρὸς
2506 2133 2850 2235 ἄλληλα,
2906 2148 2984 2211 ει
3019 2160 3096 2236 p.
3127 2140 3250 2213 25.
3281 2134 3371 2211 b:
3422 2133 3622 2233 εἰμὴ

683 2294 769 2367 ἓν
820 2294 968 2387 εἴη,
1024 2288 1384 2388 περανέει
1434 2281 1634 2384 πρὸς
1681 2280 1899 2361 ἄλλο.
1969 2287 2196 2379 Quae
2233 2287 2598 2386 proxime
2641 2288 3254 2388 subsequuntur
3287 2300 3625 2387 praeter-

683 2441 957 2530 mitto,
1010 2452 1089 2515 et
1137 2438 1422 2516 accedo
1476 2437 1574 2514 ad
1626 2434 1876 2512 alium
1928 2435 2202 2513 locum
2258 2435 2494 2538 longe
2546 2434 3141 2515 difficillimum.

885 2595 972 2669 P.
1003 2596 1175 2665 976.
1227 2588 1316 2665 A.
1362 2595 1484 2662 lss:
1535 2586 1781 2684 Ἓχον
1829 2587 1913 2664 δὲ
1964 2586 2205 2682 μέσον
2254 2585 2386 2662 καὶ
2421 2553 2780 2685 ’ἕσχατα,
2828 2589 3084 2690 πέρας
3134 2595 3309 2688 ἔχει
3357 2586 3627 2689 ἀγένη-

685 2771 827 2822 τον
875 2742 994 2834 ὃν,
1046 2740 1213 2820 ἐπεὶ
1267 2744 1331 2818 εἰ
1372 2740 1540 2830 καὶ,
1592 2738 1704 2827 ὠς
1752 2736 1995 2825 αὐτὸς
2044 2739 2285 2838 λέγει,
2339 2746 2426 2819 ἓν
2476 2744 2639 2818 ἐστι
2686 2740 2818 2818 καὶ
2865 2743 3105 2819 τοῦτο
3156 2743 3399 2838 σῶμα,
3459 2750 3632 2841 ἔχει

687 2893 891 2970 ἄλλα
962 2893 1252 2969 ἑαυτοῦ
1313 2893 1544 2991 μέρη,
1630 2893 1696 2967 εἰ
1760 2886 1942 2965 τάδε
2003 2885 2232 2982 ὅμοια
2299 2885 2597 2964 πάντα·
2682 2888 2813 2965 καὶ
2874 2886 3022 2988 γὰρ
3087 2887 3359 2986 ὅμοιον
3419 2886 3628 2967 οὕτω

688 3045 896 3142 λέγει
944 3042 1033 3117 τὸ
1087 3044 1251 3118 πᾶν
1302 3038 1501 3118 εἶναι
1550 3037 1646 3117 οὐ
1700 3099 1715 3114 .
1762 3099 1777 3115 .
1823 3098 1839 3115 .
1885 3038 2112 3140 ἄλλῳ
2165 3040 2351 3132 τινὶ,
2409 3033 2454 3114 ὃ
2498 3041 3000 3141 περανθῆναι
3041 3038 3266 3143 ὁρᾷς,
3321 3039 3634 3137 ἐλέγχει

688 3196 828 3269 εἴτι
888 3190 1157 3287 ὅμοιον
1219 3190 1311 3268 τὸ
1376 3190 1697 3292 ἄπειρον
1720 3212 1736 3229 ·
1828 3187 1921 3266 τό
1983 3219 2073 3288 γε
2124 3186 2417 3284 ὅμοιον,
2471 3192 2710 3292 ἑτέρῳ
2764 3188 3067 3287 ὅμοιον,
3146 3188 3342 3270 ὥστε
3389 3187 3531 3269 δύο
3579 3187 3632 3289 ἢ

689 3347 937 3421 πλείω
989 3343 1180 3419 ὄντα
1230 3340 1375 3420 οὐκ
1418 3340 1519 3419 ἄν
1566 3348 1652 3420 ἓν
1700 3336 1860 3419 οὐδ’
1900 3340 2231 3442 ἄπειρον
2271 3336 2504 3417 εἶναι·
2552 3338 2722 3418 ἀλλ’
2766 3345 2949 3430 ἴσως
2993 3341 3085 3419 τὸ
3121 3311 3393 3437 ὅμοιον
3435 3338 3634 3442 πρὸς

690 3490 887 3570 αὐτὸ
950 3495 1161 3592 λέγει
1221 3493 1351 3570 καὶ
1413 3490 1656 3596 φησὶν
1716 3468 1912 3568 αὐτὸ
1977 3488 2247 3586 ὅμοιον
2298 3487 2499 3567 εἶναι
2541 3493 2712 3568 πᾶν
2759 3487 2882 3568 ὅτι
2930 3488 3374 3593 ὁμοιομερὲς
3422 3488 3632 3591 ὕδωρ

691 3642 786 3720 ὂν
835 3643 1051 3721 ἅπαν
1100 3642 1155 3744 ἢ
1203 3646 1310 3744 γῆ
1359 3642 1415 3745 ἢ
1462 3651 1600 3722 εἴτι
1647 3646 2010 3721 τοιοῦτον
2057 3643 2274 3723 ἄλλο.

895 3798 996 3873 At
1045 3799 1236 3874 haec
1289 3797 1617 3898 quidem
1670 3795 1905 3897 plane
1956 3796 2220 3897 inepta
2275 3809 2353 3871 et
2403 3796 2738 3873 obseura
2790 3807 3020 3885 sunt,
3073 3794 3212 3870 sed
3256 3794 3389 3870 hic
3435 3816 3634 3892 quo-

695 3973 851 4049 que
911 3948 1082 4024 cod.
1139 3945 1349 4046 Lips.
1406 3969 1505 4020 ex
1566 3958 1783 4045 parte
1848 3958 2054 4021 certe
2118 3945 2450 4023 meliora
2511 3947 2868 4047 praebet,
2929 3946 3016 4021 in
3070 3967 3165 4021 eo
3213 3944 3434 4019 enim
3489 3965 3634 4042 pro

697 4100 866 4178 ἐπεὶ
917 4100 1046 4174 καὶ
1099 4097 1388 4198 legitur
1436 4112 1645 4175 ποιεῖ
1693 4098 1859 4191 καὶ,
1925 4098 2213 4175 deinde
2266 4095 2460 4196 οὐχὶ
2515 4095 2626 4185 ὦς
2674 4096 2827 4175 ἄλλ
2878 4155 2897 4172 .
2936 4157 2955 4173 .
3004 4156 3021 4174 .
3063 4155 3079 4173 .
3134 4098 3324 4191 τινὶ,
3394 4117 3634 4195 porro

696 4275 842 4350 pro
909 4260 1274 4325 monstro
1338 4245 1480 4322 illo
1545 4244 1588 4320 ὅ
1649 4248 2145 4347 περανθῆναι
2207 4243 2394 4348 ὁρᾷς
2459 4244 2773 4323 exhibet
2834 4242 3022 4344 ὅπερ
3069 4239 3637 4345 Ἀθηναγόρας,
